2750 4659
189 256 804 367 ,hacona-uranum.
903 308 1044 367 imm

82 450 179 517 schot.
198 451 328 533 Euripid.
351 452 442 517 otest„
459 472 535 535 432,
549 470 612 529 quae
633 449 684 513 lib.
702 449 764 524 ΙΙΙ,
782 468 845 529 cap.
863 450 909 521 ll,
925 454 939 531 ς
958 474 975 517 2
997 455 1042 517 di.

82 534 153 596 citur
172 537 273 597 Cretici
292 530 372 609 filia',
391 538 440 613 qui
463 535 592 616 Κράτεω
608 532 697 593 eriam
715 532 826 593 ibidem
845 532 965 605 dicitur,
983 536 1043 599 Mi.
1202 580 1207 589 .
1247 598 1262 611 ,

80 616 142 676 nois
158 610 247 677 filius.
262 616 311 678 sed
330 615 442 693 semper
466 619 558 677 carrea
573 614 671 676 vocari
687 613 808 689 debere,
826 613 929 682 docuit
944 614 1043 679 Neue.
1175 677 1179 684 ,

78 695 132 757 hus
149 696 179 756 in
197 698 282 759 Creta
306 697 357 759 lib.
374 697 433 772 ΙΙΙ,
454 714 519 775 cap.
544 714 580 777 3,
599 695 684 757 &ita
700 692 783 758 NSS.
809 691 934 769 habere,
959 709 1043 759 notat
1101 756 1105 761 .

79 774 135 839 Th.
154 776 279 853 Galeas,
299 782 326 841 dc
345 777 445 842 Tzetc.
470 776 508 839 ad
528 774 656 857 Lycoph.
685 774 742 855 384
761 777 838 837 redte
856 776 953 837 tradit
978 778 1042 840 haec
1173 802 1179 809 ·

79 856 220 953 Clymene
237 860 292 922 fuit
305 873 396 955 mater
413 858 588 932 Palamedis,
600 860 682 934 cujus
696 854 775 918 soror
787 856 910 934 AErope,
921 855 1041 957 Plisthe-

77 956 113 1082 :t
126 941 589 1100 ”ttitntltdhlittttt
605 935 933 1099 igititttttlt
946 941 1045 1083 {itt

78 1098 213 1179 Virgilius
232 1107 301 1164 Nau
318 1105 370 1165 lios
389 1103 552 1165 confudille
568 1099 780 1175 videtur,cum
800 1096 973 1161 Palameden
988 1104 1040 1163 Be.

76 1180 146 1242 lidm
164 1196 253 1255 uocet
271 1125 320 1247 til.
338 1184 384 1261 ΙΙ,
405 1186 452 1245 82.
474 1187 638 1263 Amymone
660 1179 755 1255 enirn,
775 1175 869 1241 Danai
883 1179 958 1256 lilia,
978 1183 1038 1245 Beli

75 1265 170 1340 neptis
189 1276 269 1340 erat;
288 1265 338 1327 ubi
356 1264 485 1339 Servius,
504 1261 691 1341 Apollonium
713 1261 843 1334 secutus,
862 1260 1038 1334 dicit„eum
1067 1292 1073 1297 .

74 1342 200 1422 septimo
217 1347 307 1424 gradu
326 1343 426 1407 aBelo
445 1345 565 1418 distare,
581 1362 643 1422 quae
657 1341 759 1403 iisdem
781 1361 865 1421 paene
877 1342 971 1404 verbis
986 1344 1039 1406 ha·
1127 1390 1138 1403 .

74 1421 129 1485 bet
140 1426 282 1489 Lutatius·
293 1428 329 1488 ad
351 1427 424 1489 Stat.
445 1425 459 1491 I
482 1425 575 1489 Achil.
591 1446 652 1507 923
673 1442 742 1484 cum
754 1436 853 1485 tamen
870 1442 907 1485 ex
921 1424 1040 1501 Apollo·

75 1506 137 1566 dori
152 1507 241 1581 loco,
260 1526 327 1569 mox
343 1508 491 1581 adducto,
512 1519 628 1569 tanturn
645 1520 748 1583 quarto
765 1507 857 1583 gradu
880 1504 981 1567 distare
994 1508 1038 1567 ef.

72 1585 178 1650 ficitur.
200 1587 220 1649 li
236 1606 304 1649 vero
320 1590 471 1669 Nauplium
487 1588 629 1649 minorem
647 1585 730 1647 soille
744 1600 857 1663 patrem
875 1584 1036 1670 Palamedis

72 1666 232 1730 statuamus
250 1688 286 1730 ex
305 1670 453 1731 stemmate
466 1668 632 1749 Apollonii,
652 1686 733 1727 nono
753 1667 873 1745 quidem
891 1668 983 1745 gradu
994 1670 1037 1729 dr.

72 1748 168 1815 stabit.
203 1750 333 1813 Lutatius
354 1770 425 1814 vero
451 1753 488 1814 ad
514 1754 584 1815 Stat.
609 1750 638 1813 ΙΙ
659 1748 754 1811 Theb.
779 1768 857 1828 432,
874 1749 913 1811 Vl
939 1749 1035 1814 Theb.

72 1829 142 1906 288,
156 1833 309 1913 Nauplium
324 1835 466 1908 majorem
476 1844 588 1911 patrem
605 1828 765 1893 Palamedis
781 1829 893 1904 statuit,
905 1840 937 1889 ut
946 1831 1037 1908 8ροΙᾴ

74 1906 210 1973 ludorum
227 1912 325 1975 fecisse
342 1913 476 1980 vidimus.
495 1914 598 1977 absunt
614 1926 714 1974 tamen
727 1910 777 1973 illa
795 1910 898 1984 verba,
910 1931 972 1990 quae
984 1914 1035 1974 Pa·

74 1989 208 2055 lameden
230 2012 266 2056 err
290 1996 418 2073 Nauplio
445 2007 546 2067 natum
571 1994 723 2069 indicant,
740 1991 782 2054 'ab
806 1992 913 2073 Hygini
937 1992 1035 2057 fabula

75 2068 180 2149 CLIX,
196 2094 283 2155 quarn
297 2076 468 2157 descriphile
479 2078 624 2141 Lutatium
635 2074 815 2139 lllunclrerue
830 2074 951 2153 notavit.
969 2076 1037 2138 lilo-

73 2158 160 2217 retius
179 2156 209 2219 in
233 2157 327 2220 lexico
352 2158 403 2221 suo
422 2170 566 2221 memorat
580 2160 731 2241 Nauplium
745 2154 926 2236 secundum,
945 2176 1033 2233 quem

77 2232 187 2315 Seriphi
209 2238 371 2301 &Euboeae
397 2259 495 2319 regem
514 2240 601 2314 facit,
624 2238 705 2318 quod
724 2238 803 2299 ande
827 2236 952 2310 habeat,
973 2238 1033 2299 vel·
1071 2277 1074 2282 «
1138 2233 1147 2265 '

74 2312 128 2377 lem
146 2318 297 2383 docuillet
319 2321 338 2383 sr
358 2324 439 2385 enim
454 2320 567 2400 Seriphi
584 2340 633 2383 rex
656 2318 777 2394 fuillet,
792 2316 928 2398 potuiffet'
945 2319 1031 2398 Poly-

75 2396 173 2491 deiten
192 2414 245 2463 aut
265 2400 389 2483 Dinyn,
407 2422 479 2481 quos
497 2414 533 2465 eir
551 2403 668 2481 posteris
683 2398 801 2479 Nauplii
825 2400 929 2479 prioris
948 2398 1031 2477 fuille
1121 2466 1124 2471 .

73 2480 211 2558 vrdimua,
227 2486 400 2560 cognatione
410 2483 569 2563 contigille.
585 2484 704 2547 illorum
718 2498 816 2545 autern
833 2482 960 2560 posteros
977 2502 1028 2543 ne.
1102 2514 1109 2521 ·

73 2556 127 2621 icio
143 2577 310 2626 anveteres
330 2566 562 2627 memoraverim.
582 2567 631 2644 qui
650 2582 718 2625 vero
736 2562 934 2641 supplementa
952 2563 1030 2639 adje.

59 2640 110 2701 -cit
126 2642 275 2720 himerio,
294 2650 371 2710 reete
386 2665 453 2708 eum
471 2646 588 2723 quidem
604 2645 805 2724 reprehendit,
821 2646 901 2720 quod
918 2641 1029 2707 nullam

73 2718 185 2803 Nauplii
204 2728 310 2805 prioris
328 2730 508 2789 mentionem
525 2728 642 2800 fecerit,
661 2746 748 2805 quern
767 2738 864 2785 tamen
882 2723 1030 2810 ipsecen.

75 2798 131 2878 lor,
150 2826 186 2869 an
201 2809 305 2889 fuerit,
325 2809 457 2889 ignorat,
482 2826 536 2869 nec
555 2809 674 2869 stemma
693 2804 812 2885 Nauplii
833 2822 966 2867 accurate
983 2825 1032 2869 er·
1073 2814 1080 2821 '

76 2898 167 2949 curere
179 2889 240 2952 sata
263 2909 330 2964 ens,
345 2892 384 2959 ad
401 2889 629 2969 Apollodorum,
641 2891 760 2951 obvium
775 2887 912 2950 omnibus
927 2888 956 2948 in
966 2886 1030 2950 ‹hae

76 2972 190 3033 materia
202 2911 372 3049 aultorem,
385 2972 522 3049 remittit,
541 2990 628 3051 quern
638 2968 858 3054 ‘'por'Nauplioe
869 2971 943 3032 dnos
959 2989 1030 3030 con.

76 3044 193 3115 fundere
213 3054 401 3118 ostendimus.
423 3056 583 3115 marimum
607 3054 664 3115 hoc
680 3054 838 3114 emiorum
855 3051 1028 3129 Lenicogra·

75 3125 195 3202 phorum
210 3134 322 3215 scriptis
337 3136 627 3210 estincommodum,
642 3134 777 3214 quodvel
791 3132 886 3194 nullos
896 3136 1028 3196 auctores
1056 3180 1058 3185 .
1185 3129 1191 3142 ’

75 3212 250 3291 producant,
273 3217 318 3279 vel
339 3216 377 3281 ad
397 3217 562 3296 scriptorem
582 3214 707 3295 aliquem
729 3233 783 3294 npa
801 3215 840 3277 ita
862 3215 1027 3294 remittant,

75 3301 107 3348 ut
122 3298 275 3369 quaerendo
292 3298 468 3379 ‘delatigath
492 3300 611 3361 tandem
636 3298 693 3361 illia
712 3297 802 3359 iidem
821 3293 929 3357 habere
946 3296 1027 3360 mali·

75 3382 154 3448 mus,
175 3398 261 3455 quam
278 3380 410 3449 inutilem
427 3398 544 3457 operam
562 3378 714 3451 insumere.
736 3379 811 3457 saepe
830 3378 920 3439 etiarn
936 3381 1026 3455 citant

76 3455 218 3537 nudiores,
240 3463 318 3539 apud
344 3480 416 3540 quos
433 3461 500 3535 illa,
526 3463 563 3523 de
586 3464 691 3541 quibua
709 3474 822 3542 agunt,
847 3459 953 3522 debere
972 3479 1025 3521 err·
1065 3488 1071 3501 ·
1176 3517 1180 3528 ‚

73 3522 300 3685 &tergedum
318 3542 387 3618 licet
400 3540 474 3624 saepe
491 3543 539 3606 vel
550 3542 624 3605 nihil
640 3544 682 3607 ibi
703 3544 880 3622 reperiatur,
900 3540 947 3604 vel
960 3540 1026 3603 lon.

122 3634 157 3677 ar
189 3640 210 3683 r.
725 3649 728 3651 v

121 3696 275 3773 tructus.
299 3708 495 3792 Hippocoontis
508 3706 603 3789 saliua,
617 3706 722 3790 Pylius.
734 3704 853 3787 Hygino
872 3702 972 3771 fabula
989 3703 1022 3770 X

168 4080 226 4125 οἱ
