2750 4659
316 272 714 395 Ausucum.
873 332 1012 426 -anr

51 474 162 537 mutuis
179 472 344 537 relatoribus
360 472 389 535 se
410 472 625 548 confoderunt,
639 471 766 551 quinque
780 472 933 538 dumtaxat
949 477 1014 538 reii-

52 560 121 632 ἂίε,
144 559 251 631 vdeo,
272 558 422 630 cheinnin
438 556 550 631 Peloro,
579 556 768 637 Hyperenora,
785 556 1015 635 Echione3uu0s

52 640 182 701 Cadmus
193 639 230 699 ad
247 639 433 699 condendam
452 639 553 699 urbem
571 636 662 697 socios
678 635 730 698 sabi
754 634 898 698 affumfm
912 639 954 701 Ex
969 639 1014 700 his
1038 705 1042 711 ‚

51 734 167 798 gentem
180 720 325 797 quandam
339 732 473 779 vocatam
489 722 616 801 Spartae,
628 715 739 797 scripsit
759 713 885 797 Hippias
902 718 1014 795 Delius,
1124 762 1128 769 -

53 800 223 863 &similiter
242 804 416 863 Atrometus.
436 799 541 861 Eorum
558 799 647 863 etiam
657 799 848 867 mentionem
867 802 945 880 apud
964 820 1018 862 no-

51 882 118 943 iiros
134 880 208 943 facit
227 881 554 943 larimriusfirmianur.
570 881 665 944 AEetas
678 895 776 942 autem
793 879 877 943 suum
895 896 1018 960 patrem,

52 961 138 1040 usque
154 963 195 1023 ad
217 974 330 1041 tempus
345 961 440 1037 iilud,
455 981 516 1040 quo
530 956 624 1036 ‘Jason
643 961 735 1023 velius
751 978 870 1025 aureum
889 964 1018 1043 petebat,

50 1042 196 1121 serravit,
216 1056 343 1124 tuncque
364 1045 390 1105 ei
408 1044 509 1107 dentes
525 1042 646 1105 tradidit
662 1042 856 1104 seminandos.

404 1210 448 1272 Dr
460 1207 552 1268 vellere
568 1224 654 1288 rapto.

88 1372 188 1436 Nocte
203 1344 358 1451 piurima,
375 1390 442 1435 cum
451 1374 566 1449 ruens,
586 1376 622 1436 de
632 1374 745 1450 Jasonis
755 1373 957 1455 sociorumque
966 1391 1021 1440 cae·
1117 1434 1121 1445 .

56 1454 439 1533 decogitans,Colchorum
458 1472 590 1533 proceres
604 1456 865 1519 consulendoscon
887 1457 1020 1537 regaffet,

55 1537 159 1597 Medea
182 1534 258 1597 clam
287 1539 324 1597 ad
352 1536 487 1611 Jasonem
512 1538 664 1617 confugit,
695 1557 822 1616 eumque
852 1478 889 1600 aa
920 1538 1021 1601 lucum

56 1617 156 1680 Martis
172 1662 182 1692 ,
198 1617 246 1677 ubi
261 1616 351 1679 vellus
373 1638 491 1679 aureum
511 1622 541 1679 in
556 1619 658 1681 arbore
677 1617 843 1702 suspensum
860 1640 879 1682 a
894 1621 1023 1682 dmcone

56 1696 239 1771 servabatur,
253 1699 383 1763 deduxit.
401 1690 627 1779 serpentemque
644 1700 757 1779 semper
768 1701 884 1780 vigilem
903 1702 1021 1780 magicis
1146 1742 1150 1751 -

57 1780 190 1841 cantibus
209 1779 326 1857 sopivit3
344 1784 372 1843 ἃ
391 1782 431 1843 ita
447 1781 534 1857 Jason
553 1782 644 1845 vellus
662 1800 782 1844 aureum
799 1782 1021 1861 tandemque

55 1878 120 1921 eum
142 1860 249 1923 Medea
266 1862 295 1923 in
307 1862 458 1925 navem‘se
469 1866 587 1943 recepit.
603 1864 669 1926 Hoc
688 1863 916 1943 &Apollonium
927 1867 955 1925 u
968 1870 1023 1926 An.

56 1941 218 2019 timachus,
237 1946 263 2004 u
280 1944 427 2006 Valerius:
450 1944 626 2025 Pherecydes
646 1965 715 2006 vero
735 1949 763 2007 ἃ
784 1947 952 2009 Herodotus
967 1965 1024 2006 oc·

59 2022 146 2085 cisum
164 2024 202 2085 ab
225 2023 328 2098 Jasone
352 2025 532 2103 serpentem,
551 2028 646 2105 licque
670 2026 761 2089 vellus
787 2025 934 2089 subtatum
955 2025 1023 2088 scri-

58 2102 143 2166 buntr
163 2106 223 2183 Qui
241 2107 420 2185 Naupnttica
438 2106 618 2186 composuit,
630 2108 769 2170 Medeam
787 2107 889 2187 fingit,
909 2127 976 2170 cum
987 2128 1024 2172 ex
1123 2165 1126 2171 ,

61 2187 145 2264 patris
169 2189 260 2247 domo
279 2188 411 2266 fugeret,
429 2187 527 2249 secum
548 2192 668 2253 aureum
688 2188 802 2264 vellus,
819 2190 899 2270 quod
916 2191 946 2251 in
963 2190 1026 2254 ffie·

60 2274 93 2327 te
107 2270 201 2349 domo
224 2266 402 2357 serrabatur,
421 2269 552 2333 attulisse.

397 2434 444 2495 Dr
459 2433 571 2519 lesionis
588 2434 681 2499 redirit.

61 2591 70 2621 '
98 2592 141 2657 De
156 2596 252 2659 reditu
270 2596 514 2675 Argonautarum,
527 2616 588 2659 non
606 2593 675 2659 satis
693 2598 768 2659 inter
781 2598 898 2662 Grecos
908 2596 1030 2674 scripto,

63 2690 103 2735 res
129 2678 275 2740 convenit.
295 2673 467 2756 Timagetus
492 2679 641 2762 primorie
666 2679 809 2757 portubus
826 2678 918 2749 libro,
934 2678 1026 2759 Istrum

64 2754 155 2819 scribit
168 2778 204 2821 ex
226 2760 387 2821 Germaniae
403 2760 551 2824 montibus
566 2760 713 2834 derivari,
730 2764 757 2822 dr
776 2760 844 2822 inde
860 2760 890 2819 in
902 2757 1026 2821 Germa·

66 2839 116 2898 niae
136 2842 258 2903 influere
280 2841 437 2919 paludem,
463 2842 560 2921 postea
585 2842 615 2901 in
638 2842 698 2902 duo
720 2839 814 2903 scindi
839 2840 977 2913 brachia,
997 2841 1026 2902 ἀ

67 2934 150 2981 unum
173 2923 293 3001 quidem
322 2924 353 2983 in
372 2922 577 2985 Germanicum
600 2921 738 3001 pelagus,
756 2923 879 2987 alterum
905 2942 974 2983 vero
994 2921 1027 3001 in

66 2996 209 3066 Euxinum
229 3016 352 3081 pontum
367 3003 488 3087 deferri,
507 3022 541 3064 ac
553 3022 602 3082 per
623 3002 681 3065 hoc
700 3006 869 3084 navigantes
881 3006 1028 3082 Argonau-

66 3090 107 3140 tas
120 3082 149 3143 in
164 3084 304 3149 Etruriam
323 3084 441 3148 veniise.
460 3087 547 3147 Hunc
576 3084 691 3147 secutus
712 3087 826 3148 videtur
844 3084 1030 3162 Apollonios,

67 3160 252 3236 Apollonium
275 3164 415 3229 Valerius.
444 3168 595 3229 Hecataeus
612 3167 740 3230 Milesius
759 3172 809 3245 p'er
828 3165 976 3230 Phafidem
993 3165 1027 3226 in
1057 3215 1062 3225 ,

69 3240 216 3310 Oceanum
238 3247 366 3323 evasisse,
383 3248 452 3310 inde
467 3248 569 3317 Nilum
588 3248 763 3327 penetralia,
784 3261 871 3327 atque
882 3267 917 3308 ex
930 3246 1035 3308 hocin‘

69 3324 191 3390 nostrum
209 3348 289 3391 mare
305 3330 481 3408 pervenisse,
494 3328 636 3395 affeverat.
649 3331 716 3393 Hoc
727 3330 923 3392 Artemidorus
935 3328 1030 3407 Ephe·
1156 3395 1160 3403 ,

69 3400 121 3465 stus
139 3408 242 3471 Falsum
256 3410 311 3472 etse
326 3412 482 3474 convincit.
504 3406 653 3491 Siquidem
672 3412 766 3489 Pmfis
783 3411 888 3473 fluvius
907 3410 1029 3472 Oceano

70 3485 185 3551 minime
205 3492 377 3554 infunditur.
399 3494 521 3556 idem&
539 3494 739 3557 Eratosthenes
758 3494 789 3551 in
804 3493 889 3553 tertio
908 3493 1032 3569 Geogra·

21 3634 23 3643 x
70 3562 220 3641 phicorum
239 3574 398 3635 confirmat.
425 3568 569 3653 Scymnus
588 3594 638 3653 per
657 3575 780 3637 Tanaim
798 3584 930 3643 autumat
946 3572 1032 3633 navi·
1134 3632 1139 3639 ,

65 3661 166 3721 'gentes
185 3654 215 3715 in
235 3674 372 3734 magnum
393 3654 581 3730 mare,[inde
599 3658 630 3716 in
649 3656 777 3717 nostrum
794 3654 909 3716 veniffe.
930 3652 1031 3716 Hesio·

75 3726 124 3791 dus
143 3740 306 3813 autem‚&
329 3736 467 3801 Pindarus
481 3738 512 3801 in
529 3736 655 3817 Pythiis,
676 3740 704 3801 dt
727 3735 919 3804 Antimachus
931 3735 962 3795 in
977 3734 1040 3813 ty»
