2750 4659
276 266 841 391 ARGRONAUTARUM
950 280 1061 345 xxm

79 428 207 506 bagibus
223 428 389 491 fabularum
405 430 587 493 statuendum
606 429 659 503 fit,
677 428 752 489 milri
771 424 884 491 certant
895 429 953 505 est,
968 430 1058 509 Apol·

80 509 220 573 ludorum
238 515 263 573 &
281 513 451 591 Hyginum,
473 514 521 591 qui
541 512 593 573 soli
613 514 712 571 Atlora
727 512 856 571 referunt
871 513 946 572 inter
964 516 1059 591 Argo-

79 607 201 667 nautas,
215 592 297 655 illum
311 595 474 657 confudille
487 614 553 655 cum
572 596 667 655 Attore
682 594 845 663 Centauro,
859 593 979 673 Hipyafi
988 596 1061 661 filio:
1185 636 1187 652 r
1201 629 1205 645 ·

80 694 155 751 quos
186 676 320 751 utro'lque
345 677 439 737 noster
460 686 547 753 poeta
573 682 715 738 memorat
731 675 782 735 lib.
804 675 835 747 l,
855 673 918 749 μό
938 678 966 735 &
989 676 1058 749 148.
1137 717 1140 721 -

79 758 213 834 quamvis
232 758 302 818 inde
323 759 393 819 certi
410 756 483 819 nihil
505 758 590 835 pollrt
604 754 699 829 ellici,
716 777 753 817 an
769 755 854 817 attor
871 755 959 816 fuerit
975 756 1067 833 Lapl⁴‘
1091 776 1097 790 ’

75 837 149 914 tha,
179 858 216 899 an
242 838 419 914 Centaurus,
445 838 633 901 verosimilius
658 853 758 900 tamen
786 837 942 916 Lapitham
972 830 1058 899 fuisse

74 936 172 1000 puto,
197 922 265 998 quia
292 920 389 982 Clanis
417 921 576 983 Centaurus
607 938 683 980 eum·
697 921 853 983 interfecit.
882 922 943 994 jam
968 922 1059 982 etiam

77 1001 254 1077 Sthenelus,
272 1004 309 1064 de
328 1024 385 1080 quo
403 1004 494 1065 Valet.
508 1004 584 1064 Flac.
602 1002 651 1061 lib.
663 1001 700 1074 V,
717 1021 768 1081 90,
783 1000 937 1080 Actorides
949 1001 1057 1065 dicitur

78 1082 116 1143 ab
139 1082 296 1161 Apollonio
322 1086 369 1159 ll,
386 1104 463 1167 9133
482 1085 534 1147 sed
558 1084 607 1161 qui
632 1082 760 1142 diversus
789 1082 826 1142 ab
850 1080 919 1152 illo,
942 1084 991 1159 qui
1017 1082 1058 1143 ab
1105 1080 1110 1084 ’

78 1164 205 1226 Eustath.
224 1167 262 1227 ad
283 1166 402 1245 Dionys.
427 1168 510 1229 Alex.
536 1166 597 1240 484
619 1164 750 1225 Cometae
775 1162 852 1240 filius
872 1164 989 1224 dicitur.
1019 1164 1059 1226 de

80 1262 142 1323 quo
158 1247 234 1307 infra
251 1247 283 1307 in
301 1249 438 1329 Αβενὶοπι
455 1246 629 1309 videbimus.
813 1271 816 1278 ’

85 1354 86 1357 “
118 1328 352 1391 ACTORIDES.
377 1330 458 1389 hunc
479 1348 596 1407 quoque
612 1326 702 1404 aliqui
723 1327 753 1387 in
773 1324 945 1405 catalogum
968 1328 1057 1404 llrgo.

75 1419 233 1473 nautarum
252 1408 430 1486 retulerunt,
450 1412 477 1473 ἃ
495 1413 525 1471 in
553 1408 681 1471 editione
704 1409 852 1471 Carrionis
878 1425 915 1469 err
932 1408 1057 1485 Orpheo

73 1504 267 1553 memoratur.
288 1503 365 1552 certe
375 1492 496 1569 Orpheo
513 1490 562 1553 lib.
581 1491 605 1565 l,
616 1490 686 1553 vers.
703 1494 760 1574 136
772 1491 908 1551 Aunios
919 1504 987 1551 cunt
999 1489 1064 1560 Cos,

75 1592 151 1634 tono
175 1576 362 1637 memoiatur.
380 1572 511 1635 Valerius
536 1592 652 1652 quoque
676 1571 725 1633 lib.
745 1572 778 1646 I,
794 1592 855 1650 407
869 1574 965 1635 canit:

206 1657 360 1737 Linquit&
380 1657 521 1718 Atiorides
540 1674 631 1717 natum
655 1655 780 1715 Chironis
795 1656 825 1713 t'n
840 1672 925 1718 antro,

75 1736 134 1799 Sed
158 1737 195 1798 de
217 1736 330 1798 Valerio
354 1758 456 1816 parum
477 1737 692 1799 laborandum:
711 1734 861 1797 illeaesnim
880 1736 941 1797 srne
964 1732 1056 1799 dubio

5 1882 6 1885 Ἴ
75 1818 118 1877 ibi
140 1821 315 1893 Meuoetirim,
333 1821 444 1882 Adoris
463 1819 574 1895 lilium,
597 1817 753 1898 intelligit,
773 1820 822 1897 qui
839 1817 932 1879 filium
955 1818 1054 1880 Patro·-

75 1898 155 1961 clum
175 1899 295 1963 Chitoni
310 1903 502 1979 commendat
518 1922 569 1980 per
590 1898 752 1963 absentiam
769 1900 849 1978 luam
865 1900 1056 1962 educandum

75 1984 104 2043 ἃ
124 1984 336 2063 erudiendum:
353 1992 423 2046 nant
446 1983 498 2045 sub
519 2004 555 2045 eo
575 1984 709 2062 magistro
728 1999 796 2043 eum
813 1981 947 2056 creville,
965 1984 1056 2045 etiam

73 2064 165 2125 tradit
186 2062 293 2129 Statius
318 2064 444 2129 Inthtt.
465 2086 541 2145 1743
562 2068 588 2129 dt
607 2067 745 2126 Atlorides
761 2064 870 2125 dicitur
887 2065 975 2125 etiam
993 2062 1054 2141 ipse
1125 2117 1134 2127 .

74 2146 224 2211 Patroclus
248 2149 284 2212 ab
302 2164 356 2210 avo
378 2148 429 2210 suo
450 2149 558 2211 Ovidio
574 2146 650 2211 Xlll
675 2148 749 2210 Met.
768 2168 823 2230 273
836 2150 889 2222 ,dt
910 2164 948 2207 ex
970 2146 1053 2224 Pont.

74 2227 124 2301 IV,
145 2250 192 2291 22.
212 2228 262 2291 sed
282 2232 320 2292 de
335 2250 377 2293 eo
394 2231 468 2313 infra
489 2232 519 2290 in
539 2232 666 2293 Menoetio
683 2229 830 2306 agendum
846 2230 910 2291 erit.
927 2226 976 2288 sed
989 2234 1054 2287 ‘mas

73 2308 223 2385 jot·labot
240 2312 270 2373 in
292 2312 430 2393 Orpheo,
452 2315 502 2391 qui
523 2325 601 2373 certe
625 2314 767 2375 Asteriden
785 2308 933 2392 diuelsum
953 2308 1073 2379 facita,

74 2394 224 2459 Menoett'o:
246 2413 315 2457 cum
344 2391 432 2456 enim'
447 2414 517 2471 eum
548 2392 731 2455 recensuillet
753 2411 819 2453 curn
842 2392 958 2455 Cotono
978 2388 1055 2455 vers.

76 2472 153 2553 136,
176 2474 284 2537 ileinde
314 2476 388 2539 dicit
410 2478 564 2537 Mercurium
592 2476 681 2537 etiam
709 2473 853 2536 accellrlle
880 2470 1053 2552 Argonautis

74 2572 111 2613 ex
132 2554 279 2633 Opoente.
301 2558 341 2619 ita
368 2570 402 2619 ut
431 2558 482 2619 ille‘
507 2560 606 2619 animo
628 2558 678 2619 suo
702 2556 847 2617 diversum
863 2576 888 2617 -a
906 2554 1053 2619 Menoetio

72 2637 219 2699 Atloriden
239 2642 406 2717 conceperit
422 2662 431 2715 ς
450 2638 503 2700 nist
532 2640 673 2701 memoria
699 2638 811 2715 lapsum
836 2638 919 2699 fuille
945 2638 1056 2698 statum

72 2736 147 2779 mus.
167 2722 275 2780 Aesaris
292 2740 381 2799 vero,
398 2724 434 2783 de
450 2740 508 2797 quo
526 2721 616 2781 modo
636 2722 768 2799 egimus,
785 2718 859 2779 nulli
875 2718 930 2779 lilii
955 2734 1054 2778 occur·

71 2802 228 2873 runt,nil1
250 2802 368 2865 Cteatus
389 2805 417 2863 dt
435 2802 575 2881 Eurytus,
594 2822 667 2879 quos
685 2806 789 2862 omnes
806 2800 867 2861 lere
885 2798 1054 2879 lllytlrologi

71 2882 242 2957 agnoscunt.
258 2884 317 2947 vid.
332 2883 481 2965 Apollod.
495 2883 542 2959 ll,
558 2900 621 2963 cap.
639 2883 738 2960 Vll,§
757 2904 794 2956 23
815 2886 843 2944 tr
862 2882 952 2943 Ovid.
973 2880 1056 2957 Vlll,

72 2962 147 3044 3873
166 2968 255 3043 &qui
268 2968 430 3029 Molionidae
444 2968 533 3027 etiam
552 2967 632 3027 dicti.
646 2966 713 3027 vide
724 2967 812 3027 Peria.
832 2964 868 3025 ad
885 2963 989 3027 AElian.
1003 2963 1055 3037 lli,

74 3064 111 3127 5,
131 3046 269 3109 &Schol
288 3049 400 3109 Pindar.
420 3050 451 3111 X
471 3046 570 3128 Olym.
593 3068 647 3128 303
667 3048 718 3110 sed
736 3054 839 3108 eorum
857 3056 964 3106 neuter
982 3044 1054 3104 huie
1114 3068 1124 3095 ι

72 3126 183 3189 militiae
202 3149 309 3190 nomen
331 3131 423 3193 dedit.
455 3144 556 3207 praeter
578 3130 634 3191 hos
653 3132 744 3190 etiam
772 3128 887 3190 sotoris
904 3125 998 3188 filium
1014 3125 1056 3185 vi·
1169 3199 1174 3205 ¹

72 3210 170 3271 dimus
196 3206 548 3283 modo⁰Sllenelum,'sed
570 3210 619 3271 ille
640 3214 700 3287 jam
723 3210 870 3271 occiderat
887 3222 955 3269 ante
975 3208 1053 3268 hane

72 3293 303 3369 expeditionem.
321 3294 464 3375 Eurytion
487 3295 575 3355 etiam
585 3340 594 3363 ,
605 3294 741 3357 llltnoetii
756 3294 861 3368 frater,
872 3293 983 3353 littoris
995 3289 1054 3351 fus

70 3372 270 3435 filius-Schol.
296 3376 392 3453 llpoll.
417 3376 525 3455 I,71;
545 3374 594 3439 led
619 3374 668 3447 ille
687 3377 782 3436 etiam
801 3374 913 3435 seorsim
934 3370 1052 3433 Valerio

72 3467 251 3517 memoratur
266 3457 302 3530 l,
325 3457 445 3541 378,&
477 3458 514 3517 de
539 3477 578 3519 eo
596 3458 695 3537 postea
715 3476 843 3535 agemus.
864 3472 952 3533 quare
972 3449 1053 3530 apud

76 3536 194 3614 Orphea
215 3558 274 3598 non
294 3540 493 3619 patronymica
519 3538 612 3600 forma
637 3541 778 3601 Atiorides
803 3537 980 3616 capiendus,
1000 3532 1052 3595 sed
1090 3573 1094 3584 ι

73 3629 105 3677 ut
116 3620 400 3697 nomenproptium
412 3642 420 3695 3
434 3640 524 3696 ,quem
537 3623 615 3683 unde
628 3619 783 3697 habuerit,
797 3637 852 3683 nos
870 3621 1050 3701 ignoramus.

75 3697 164 3764 simile
187 3720 300 3765 nomen
317 3720 389 3765 mox
410 3716 558 3779 occurret,
576 3704 747 3772 AEtlalides.
840 3719 842 3726 ·

804 3784 870 3876 bt
1027 3748 1065 3875 ¹.
