2750 4659
209 319 214 333 ·
312 230 1069 401 xmr'cassntoous

311 452 377 509 nuit
393 448 443 510 ille
465 448 651 511 Alenoetium.
667 449 748 508 idem
766 447 826 509 fere
846 460 941 507 narrat
955 446 995 506 ad
1019 425 1159 503 lliaddi.
1180 413 1252 488 684.

353 523 543 593 ALMENUS.
572 530 621 591 hic
640 528 821 605 Apollodoro
845 542 1045 597 memoratus,
1065 513 1134 577 aliis
1148 497 1290 593 omnibus

310 612 466 689 ignoratur.
485 612 556 671 dicit
571 630 638 673 eum
654 608 748 671 silium
761 612 878 687 Martis,
892 614 920 672 dr
935 609 1034 687 jungit
1048 584 1290 676 Ascalaplfflfai‘

310 713 396 769 quam
416 693 504 755 fratri.
524 693 572 753 sed
591 696 618 754 dr
640 690 727 767 hujus
739 691 835 753 nullus
853 694 927 753 inter
937 695 1126 769 Argonautas
1137 668 1287 797 memsmf·

208 802 213 813 ·
308 774 357 835 sed
375 776 433 836 srne
450 773 541 835 dubio
557 791 709 851 corruptus
719 774 760 833 est
780 773 861 834 locus
876 768 1067 851 Apollodori,
1084 766 1114 825 ἃ
1126 746 1214 854 Amul
1227 754 1289 817 ΨΒ

308 859 410 917 audior
428 855 540 917 erravit
559 855 718 932 legendum
738 855 816 915 enim
833 856 873 915 est
890 858 1054 936 Ἰάλμενος,
1076 854 1191 936 ueram
1212 824 1291 921 ¹53⁶

308 938 475 997 emendavit
488 939 540 997 vir
550 935 726 997 doctissimus
739 935 817 998 Tho.
831 934 911 998 Gale.
925 939 993 1013 quia
1011 950 1085 997 vero
1105 931 1183 1014 laepe
1199 918 1290 971 enam

307 1017 357 1078 alii
384 1016 552 1099 Mythologi
575 1018 772 1079 confuderunt
792 1017 934 1096 quosdam
956 1020 1094 1086 Heroas,
1121 1016 1175 1083 (1⁰¹
1198 996 1292 1087 ΜΨ

199 1154 202 1159 .
306 1101 430 1161 nautica
458 1100 638 1178 expeditioni
666 1100 860 1169 interfuerunt
885 1099 1056 1172 cumillis,
1083 1091 1135 1169 qui
1154 1081 1291 1147 Tr⁰r³⁰⁰

307 1180 386 1241 bello
400 1182 514 1245 Graecos
533 1180 725 1258 'adjuverunt3
742 1180 938 1259 Apollodorus
957 1193 1112 1259 perperam
1134 1167 1193 1227 hos
1212 1153 1291 1216 fil¹⁰s

305 1262 575 1341 Martisadscripsrt
593 1264 785 1341 Argonautis,
805 1283 878 1341 quos
898 1263 1044 1326 Homerus
1064 1252 1153 1321 Iliad·
1177 1244 1209 1306 Β
1231 1228 1289 1316 5¹6

305 1344 381 1405 inter
399 1346 532 1419 Graecos,
550 1346 597 1420 qui
615 1346 644 1405 in
659 1344 779 1419 Trojam
795 1344 1010 1417 militaverunt,
1029 1343 1141 1406 refert,
1157 1340 1234 1419 (ΙΨ
1250 1329 1289 1375 ‘²³‘

304 1426 495 1489 Orchomeno
508 1428 629 1505 Minyeo
645 1425 751 1487 venisse
775 1421 863 1498 dicit,
882 1429 961 1488 unde
981 1427 1056 1488 sorte
1075 1407 1289 1509 interimor&

304 1508 403 1568 retulit
421 1507 627 1586 Apollodorus.
646 1508 715 1568 vide
726 1506 766 1567 ibi
787 1506 914 1569 Eustath.
932 1508 1064 1570 Ameleon
1082 1503 1211 1581 Hygino
1227 1496 1289 1574 mq-

303 1602 438 1651 moretur.
463 1590 510 1651 sed
532 1600 704 1667 corruptum
720 1592 748 1649 dr
770 1589 904 1666 ignotum
923 1608 1032 1649 nomen
1054 1588 1117 1660 est,
1140 1573 1225 1640 unde
1244 1581 1290 1624 ¹¹¹·

302 1668 345 1730 hil
364 1674 483 1733 extrico.
502 1686 636 1749 praeterea
653 1672 701 1731 hic
712 1670 845 1729 Almenus
862 1671 971 1731 dicitur
986 1684 1071 1732 natus
1090 1685 1127 1730 ex
1138 1645 1289 1735 Asty⁰0h⁶

304 1755 417 1833 Asloris
435 1754 513 1826 lilia,
530 1756 578 1831 qui
596 1752 725 1813 diversus
747 1751 784 1811 ab
804 1752 1046 1829 Asiorelllenoeti
1062 1764 1157 1831 patre.
1177 1738 1291 1801 Home·

302 1832 350 1895 rus
369 1838 448 1897 enim
463 1832 677 1910 'Atridemsrve
695 1831 797 1913 Ἀζέως
811 1832 904 1894 silium
918 1846 1022 1906 vocat,
1035 1852 1108 1902 cum
1123 1830 1190 1903 ejus
1203 1814 1287 1891 Mis·

283 1919 454 1978 ·midonem
471 1915 553 1977 tuille
568 1926 679 1993 patrem
700 1914 866 1977 viderimus.
888 1916 1086 1994 Etymologici
1107 1921 1215 1974 tamen
1235 1911 1286 1956 au·

301 1998 363 2059 (lor
377 1999 547 2077 ἰηἌκτωρ,
563 1998 675 2058 Attoris
692 2008 802 2073 patrem
814 1997 909 2077 ⁸A<ea
926 1998 1006 2058 facit.
1038 2066 1041 2070 .

344 2080 606 2159 Allll'HlAllAUS.
635 2078 685 2139 hic
713 2077 750 2138 ab
775 2079 957 2156 Apollodoro
981 2089 1187 2143 memoratur,
1214 2074 1290 2123 ⁶⁰⁰³

299 2158 348 2221 alii
366 2180 467 2223 omnes
486 2180 553 2221 eum
576 2159 653 2220 bello
668 2160 814 2222 Thebano
832 2160 883 2220 sub
900 2161 1019 2228 Adrasto
1034 2151 1202 2221 interfuisse
1217 2159 1285 2206 ssis·

298 2256 370 2302 rent.
384 2244 459 2302 inter
474 2246 605 2303 austures
624 2242 753 2321 perditos
765 2242 913 2317 Dejochus
929 2246 1019 2304 etiam
1031 2243 1217 2322 Amphiarum
1232 2242 1284 2287 ac·

176 2335 179 2344 '
204 2302 205 2312 .
298 2324 408 2394 censuit
420 2324 603 2401 Argonautis,
619 2324 689 2383 teste
704 2323 844 2385 Sholiaste
857 2323 993 2403 Apollon.
1009 2325 1041 2396 l,
1061 2343 1134 2405 ¹393
1153 2323 1183 2381 dr
1199 2312 1281 2375 idem

297 2404 438 2466 censuisse
456 2408 597 2467 Senecam
612 2405 769 2483 Tragicum
787 2408 816 2465 in
833 2407 917 2467 Aied.
932 2407 1009 2487 656,
1026 2404 1112 2467 multi
1134 2406 1282 2473 interpre-

190 2490 211 2549 ·,
297 2502 360 2546 tum
385 2489 480 2548 mirati
499 2488 589 2547 suere.
611 2488 683 2565 quid
700 2491 780 2546 enim
803 2489 989 2571 Amphiarao,
1010 2491 1114 2562 ajunt,
1137 2500 1208 2546 cum
1227 2478 1281 2537 At·

297 2569 457 2645 gonautis?
485 2567 535 2629 sed
558 2568 663 2630 celebr.
686 2569 849 2631 Gronovius
875 2572 953 2631 recte
969 2569 1113 2639 ostendit,
1138 2568 1210 2629 licet
1228 2552 1279 2617 alii

243 2715 248 2725 ,
296 2670 364 2710 eum
394 2650 518 2711 referant
542 2651 618 2711 inter
644 2654 847 2729 Argonautae,
877 2652 1020 2714 Senecam
1044 2664 1142 2711 tamen
1168 2645 1211 2706 ibi
1238 2640 1277 2698 de

295 2731 403 2809 Mopso
418 2738 511 2809 agere.
527 2732 602 2794 inter
614 2746 766 2795 venatores
778 2738 841 2813 apri
861 2732 1016 2813 Calydonii
1036 2733 1159 2793 refertur
1173 2718 1192 2787 ‘a
1205 2722 1299 2813 ’Νεχ

295 2812 365 2873 sone
381 2814 450 2876 Vlll
468 2815 541 2876 Mer.
561 2834 626 2895 317·
639 2817 790 2877 manifeste
811 2817 900 2877 etiam
920 2816 1026 2879 Statius
1040 2814 1083 2876 ΠΙ
1104 2810 1202 2875 Theb.
1218 2798 1278 2886 516

284 2894 443 2957 ,Colchicae
462 2895 574 2955 militiae
590 2897 747 2959 interfuisse
763 2900 960 2977 Amphiaraum
978 2897 1086 2972 docet,
1107 2910 1178 2954 curn
1192 2900 1275 2949 eum

293 2974 335 3037 ita
346 2972 532 3055 Melampodi
556 2976 781 3055 respondentem
800 2979 930 3039 inducit:

480 3057 612 3138 Equidem
629 3061 721 3133 varii,
739 3078 830 3142 parer,
848 3061 936 3119 omina
958 3057 1052 3117 Plroebi
1120 3054 1129 3061 ’

374 3139 448 3221 Saepe
466 3140 536 3213 ruli,
549 3138 609 3221 jam
622 3159 684 3201 runc
695 3144 783 3224 prima
802 3164 859 3201 cam
870 3141 939 3222 pube
958 3141 1082 3200 virentem

373 3222 509 3281 Semia'eos
525 3223 593 3281 inter
601 3224 686 3303 pirrus
705 3246 743 3284 me
759 3224 878 3304 Tdefflrla
898 3241 970 3302 reges

372 3300 506 3377 Duceret,
528 3304 584 3363 &c
623 3378 625 3385 y
776 3339 782 3347 ι
830 3350 833 3358 ,

292 3400 355 3459 quae
372 3382 460 3443 verba
482 3382 558 3443 male
578 3383 711 3445 Lutatius
729 3384 911 3462 Melampodi
935 3383 1047 3446 tribuit.
1062 3384 1109 3448 his
1126 3381 1266 3448 adduetts

291 3462 364 3523 locis
388 3478 494 3545 motus·
513 3464 549 3525 cl.
573 3466 737 3527 Perizonius
756 3468 835 3544 apud
856 3468 1007 3545 Hyginum
1034 3467 1102 3530 loco
1123 3475 1266 3540 corrupto

240 3540 243 3553 '
292 3544 452 3619 &mutilm
467 3546 517 3607 ubi
537 3548 659 3629 legitur,
674 3551 807 3608 Arriacha
825 3552 920 3630 Thestii
931 3552 1012 3629 filia,
1029 3551 1143 3612 rescribi
1162 3547 1263 3624 jubet,

268 3628 474 3709 'Amphiaraus
492 3630 579 3690 Oiclei
594 3629 689 3707 filius,
708 3648 788 3690 marre
807 3634 1011 3714 Hypermestra,
1032 3634 1162 3713 Argivus.
1180 3622 1262 3703 quod
1361 3661 1362 3678 ι

289 3726 417 3775 cosnec
439 3708 590 3787 refellere,
610 3730 665 3776 nec
689 3713 813 3793 probare
834 3715 992 3793 audemus,
1011 3714 1083 3777 licet
1102 3704 1264 3791 probabilis
