<?xml version="1.0" encoding="UTF-8"?>
<!DOCTYPE html PUBLIC "-//W3C//DTD XHTML 1.0 Transitional//EN"
    "http://www.w3.org/TR/xhtml1/DTD/xhtml1-transitional.dtd">
<html xmlns="http://www.w3.org/1999/xhtml" xml:lang="en" lang="en">
 <head>
  <title>
</title>
<meta http-equiv="Content-Type" content="text/html;charset=utf-8" />
  <meta name='ocr-system' content='tesseract 3.04.00' />
  <meta name='ocr-capabilities' content='ocr_page ocr_carea ocr_par ocr_line ocrx_word'/>
</head>
<body>
  <div class='ocr_page' id='page_1' title='image "./cvaleriiflaccia00flacgoog_0028.png"; bbox 0 0 2750 4659; ppageno 0'>
   <div class='ocr_carea' id='block_1_1' title="bbox 390 103 486 164">
    <p class='ocr_par' dir='ltr' id='par_1_1' title="bbox 390 103 486 164">
     <span class='ocr_line' id='line_1_1' title="bbox 390 103 486 164; baseline 0 -11"><span class='ocrx_word' id='word_1_1' title='bbox 390 103 486 164; x_wconf 46' lang='lat' dir='ltr'><strong>aug*</strong></span> 
     </span>
    </p>
   </div>
   <div class='ocr_carea' id='block_1_2' title="bbox 295 260 1083 375">
    <p class='ocr_par' dir='ltr' id='par_1_2' title="bbox 295 260 1083 375">
     <span class='ocr_line' id='line_1_2' title="bbox 295 260 1083 375; baseline 0 -1"><span class='ocrx_word' id='word_1_2' title='bbox 295 260 862 374; x_wconf 64' lang='lat' dir='ltr'><strong>Antonianarum.</strong></span> <span class='ocrx_word' id='word_1_3' title='bbox 1005 302 1083 375; x_wconf 69' lang='lat' dir='ltr'><strong>xm</strong></span> 
     </span>
    </p>
   </div>
   <div class='ocr_carea' id='block_1_3' title="bbox 7 428 1241 3803">
    <p class='ocr_par' dir='ltr' id='par_1_3' title="bbox 7 428 1241 2578">
     <span class='ocr_line' id='line_1_3' title="bbox 108 428 1081 544; baseline -0.001 -22"><span class='ocrx_word' id='word_1_4' title='bbox 108 467 177 535; x_wconf 77' lang='lat' dir='ltr'><strong>tur,</strong></span> <span class='ocrx_word' id='word_1_5' title='bbox 195 460 262 540; x_wconf 89' lang='lat' dir='ltr'><strong>quia</strong></span> <span class='ocrx_word' id='word_1_6' title='bbox 281 449 404 525; x_wconf 81' lang='lat' dir='ltr'><strong>matrem</strong></span> <span class='ocrx_word' id='word_1_7' title='bbox 422 448 611 536; x_wconf 75' lang='lat' dir='ltr'><strong>Laodamia,</strong></span> <span class='ocrx_word' id='word_1_8' title='bbox 628 481 688 523; x_wconf 89' lang='lat' dir='ltr'><strong>non</strong></span> <span class='ocrx_word' id='word_1_9' title='bbox 708 461 877 543; x_wconf 76' lang='lat' dir='ltr'><strong>ffippolyren</strong></span> <span class='ocrx_word' id='word_1_10' title='bbox 897 460 946 523; x_wconf 86' lang='lat' dir='ltr'><strong>vel</strong></span> <span class='ocrx_word' id='word_1_11' title='bbox 960 428 1081 544; x_wconf 68' lang='lat' dir='ltr'><strong>Ajtyda-</strong></span> 
     </span>
     <span class='ocr_line' id='line_1_4' title="bbox 90 543 1116 623; baseline 0.001 -21"><span class='ocrx_word' id='word_1_12' title='bbox 90 544 207 617; x_wconf 57' lang='lat' dir='ltr'><strong>siniam,</strong></span> <span class='ocrx_word' id='word_1_13' title='bbox 227 543 276 604; x_wconf 87' lang='lat' dir='ltr'><strong>sed</strong></span> <span class='ocrx_word' id='word_1_14' title='bbox 301 546 478 606; x_wconf 81' lang='lat' dir='ltr'><strong>Laodotlream</strong></span> <span class='ocrx_word' id='word_1_15' title='bbox 506 545 613 608; x_wconf 76' lang='lat' dir='ltr'><strong>uittam</strong></span> <span class='ocrx_word' id='word_1_16' title='bbox 641 543 748 620; x_wconf 88' lang='lat' dir='ltr'><strong>reperit</strong></span> <span class='ocrx_word' id='word_1_17' title='bbox 763 562 770 604; x_wconf 90' lang='lat'><strong>:</strong></span> <span class='ocrx_word' id='word_1_18' title='bbox 788 560 878 619; x_wconf 87' lang='lat' dir='ltr'><strong>quam</strong></span> <span class='ocrx_word' id='word_1_19' title='bbox 890 544 973 608; x_wconf 79' lang='lat' dir='ltr'><strong>unde</strong></span> <span class='ocrx_word' id='word_1_20' title='bbox 990 548 1083 619; x_wconf 87' lang='lat' dir='ltr'><strong>petie·</strong></span> <span class='ocrx_word' id='word_1_21' title='bbox 1107 609 1116 623; x_wconf 31' lang='lat' dir='ltr'><strong><em>s</em></strong></span> 
     </span>
     <span class='ocr_line' id='line_1_5' title="bbox 110 621 1084 703; baseline 0.003 -22"><span class='ocrx_word' id='word_1_22' title='bbox 110 624 166 697; x_wconf 90' lang='lat' dir='ltr'><strong>rit,</strong></span> <span class='ocrx_word' id='word_1_23' title='bbox 184 643 245 686; x_wconf 92' lang='lat' dir='ltr'><strong>non</strong></span> <span class='ocrx_word' id='word_1_24' title='bbox 261 625 418 687; x_wconf 88' lang='lat' dir='ltr'><strong>indicavit:</strong></span> <span class='ocrx_word' id='word_1_25' title='bbox 434 626 511 687; x_wconf 87' lang='lat' dir='ltr'><strong>forte</strong></span> <span class='ocrx_word' id='word_1_26' title='bbox 526 621 563 685; x_wconf 82' lang='lat' dir='ltr'><strong>eir</strong></span> <span class='ocrx_word' id='word_1_27' title='bbox 582 622 731 703; x_wconf 83' lang='lat' dir='ltr'>adscriptis</span> <span class='ocrx_word' id='word_1_28' title='bbox 749 624 845 685; x_wconf 91' lang='lat' dir='ltr'><strong>codici</strong></span> <span class='ocrx_word' id='word_1_29' title='bbox 861 622 912 683; x_wconf 80' lang='lat' dir='ltr'><strong>luo</strong></span> <span class='ocrx_word' id='word_1_30' title='bbox 929 622 1084 702; x_wconf 81' lang='lat' dir='ltr'><strong>glollisvel</strong></span> 
     </span>
     <span class='ocr_line' id='line_1_6' title="bbox 112 703 1140 785; baseline -0.001 -20"><span class='ocrx_word' id='word_1_31' title='bbox 112 703 248 782; x_wconf 87' lang='lat' dir='ltr'><strong>scholiis,</strong></span> <span class='ocrx_word' id='word_1_32' title='bbox 267 708 418 785; x_wconf 85' lang='lat' dir='ltr'><strong>exquibus</strong></span> <span class='ocrx_word' id='word_1_33' title='bbox 437 707 522 784; x_wconf 90' lang='lat' dir='ltr'><strong>primi</strong></span> <span class='ocrx_word' id='word_1_34' title='bbox 540 704 583 767; x_wconf 89' lang='lat' dir='ltr'><strong>illi</strong></span> <span class='ocrx_word' id='word_1_35' title='bbox 598 718 752 785; x_wconf 85' lang='lat' dir='ltr'><strong>poetarum</strong></span> <span class='ocrx_word' id='word_1_36' title='bbox 771 708 958 783; x_wconf 77' lang='lat' dir='ltr'><strong>interpretes,</strong></span> <span class='ocrx_word' id='word_1_37' title='bbox 976 717 1009 765; x_wconf 88' lang='lat' dir='ltr'><strong>ut</strong></span> <span class='ocrx_word' id='word_1_38' title='bbox 1023 704 1084 765; x_wconf 87' lang='lat' dir='ltr'><strong>Do·</strong></span> <span class='ocrx_word' id='word_1_39' title='bbox 1132 705 1140 720; x_wconf 54' lang='lat'><strong>⁸</strong></span> 
     </span>
     <span class='ocr_line' id='line_1_7' title="bbox 110 785 1084 867; baseline -0.005 -20"><span class='ocrx_word' id='word_1_40' title='bbox 110 788 228 862; x_wconf 87' lang='lat' dir='ltr'><strong>mitius,</strong></span> <span class='ocrx_word' id='word_1_41' title='bbox 243 788 375 867; x_wconf 87' lang='lat' dir='ltr'><strong>Raphael</strong></span> <span class='ocrx_word' id='word_1_42' title='bbox 389 790 509 867; x_wconf 87' lang='lat' dir='ltr'><strong>Regius,</strong></span> <span class='ocrx_word' id='word_1_43' title='bbox 521 790 553 849; x_wconf 89' lang='lat'>&amp;</span> <span class='ocrx_word' id='word_1_44' title='bbox 567 787 634 862; x_wconf 89' lang='lat' dir='ltr'><strong>alii,</strong></span> <span class='ocrx_word' id='word_1_45' title='bbox 655 785 729 865; x_wconf 86' lang='lat' dir='ltr'><strong>laepe</strong></span> <span class='ocrx_word' id='word_1_46' title='bbox 745 787 855 849; x_wconf 82' lang='lat' dir='ltr'><strong>bonam</strong></span> <span class='ocrx_word' id='word_1_47' title='bbox 869 801 1003 847; x_wconf 87' lang='lat' dir='ltr'><strong>notarum</strong></span> <span class='ocrx_word' id='word_1_48' title='bbox 1020 785 1084 847; x_wconf 63' lang='lat' dir='ltr'><strong>suaa</strong></span> 
     </span>
     <span class='ocr_line' id='line_1_8' title="bbox 111 868 1171 949; baseline 0.001 -22"><span class='ocrx_word' id='word_1_49' title='bbox 111 886 176 928; x_wconf 90' lang='lat' dir='ltr'><strong>rum</strong></span> <span class='ocrx_word' id='word_1_50' title='bbox 192 884 305 946; x_wconf 86' lang='lat' dir='ltr'><strong>partem</strong></span> <span class='ocrx_word' id='word_1_51' title='bbox 322 870 504 949; x_wconf 77' lang='lat' dir='ltr'><strong>descripsere</strong></span> <span class='ocrx_word' id='word_1_52' title='bbox 522 872 606 931; x_wconf 82' lang='lat' dir='ltr'>Certe</span> <span class='ocrx_word' id='word_1_53' title='bbox 619 870 773 949; x_wconf 71' lang='lat' dir='ltr'><strong>&amp;Acastus</strong></span> <span class='ocrx_word' id='word_1_54' title='bbox 785 868 859 944; x_wconf 90' lang='lat' dir='ltr'><strong>hic,</strong></span> <span class='ocrx_word' id='word_1_55' title='bbox 881 871 908 931; x_wconf 72' lang='grc' dir='ltr'>ἃ</span> <span class='ocrx_word' id='word_1_56' title='bbox 927 869 1085 928; x_wconf 80' lang='lat' dir='ltr'><strong>Laodothea</strong></span> <span class='ocrx_word' id='word_1_57' title='bbox 1167 892 1171 900; x_wconf 64' lang='lat'><strong><em>¹</em></strong></span> 
     </span>
     <span class='ocr_line' id='line_1_9' title="bbox 113 946 1086 1030; baseline 0 -20"><span class='ocrx_word' id='word_1_58' title='bbox 113 949 187 1011; x_wconf 89' lang='lat' dir='ltr'><strong>mihi</strong></span> <span class='ocrx_word' id='word_1_59' title='bbox 202 952 344 1030; x_wconf 87' lang='lat' dir='ltr'><strong>incogniti</strong></span> <span class='ocrx_word' id='word_1_60' title='bbox 364 950 437 1015; x_wconf 86' lang='lat' dir='ltr'><strong>lunt.</strong></span> <span class='ocrx_word' id='word_1_61' title='bbox 468 950 516 1013; x_wconf 91' lang='lat' dir='ltr'><strong>sed</strong></span> <span class='ocrx_word' id='word_1_62' title='bbox 537 950 642 1013; x_wconf 76' lang='lat' dir='ltr'><strong>stulius</strong></span> <span class='ocrx_word' id='word_1_63' title='bbox 659 946 778 1024; x_wconf 75' lang='lat' dir='ltr'><strong>tuerit,</strong></span> <span class='ocrx_word' id='word_1_64' title='bbox 804 952 890 1010; x_wconf 85' lang='lat' dir='ltr'><strong>etiam</strong></span> <span class='ocrx_word' id='word_1_65' title='bbox 915 947 1086 1012; x_wconf 78' lang='lat' dir='ltr'><strong>Thellalum</strong></span> 
     </span>
     <span class='ocr_line' id='line_1_10' title="bbox 113 1030 1127 1111; baseline 0.001 -20"><span class='ocrx_word' id='word_1_66' title='bbox 113 1030 197 1093; x_wconf 78' lang='lat' dir='ltr'><strong>fuille</strong></span> <span class='ocrx_word' id='word_1_67' title='bbox 211 1034 338 1111; x_wconf 70' lang='lat' dir='ltr'><strong>Acastum</strong></span> <span class='ocrx_word' id='word_1_68' title='bbox 352 1031 436 1095; x_wconf 89' lang='lat' dir='ltr'><strong>illum</strong></span> <span class='ocrx_word' id='word_1_69' title='bbox 453 1033 560 1108; x_wconf 91' lang='lat' dir='ltr'><strong>credo,</strong></span> <span class='ocrx_word' id='word_1_70' title='bbox 573 1044 606 1093; x_wconf 93' lang='lat' dir='ltr'><strong>ut</strong></span> <span class='ocrx_word' id='word_1_71' title='bbox 623 1034 659 1106; x_wconf 24' lang='lat'><strong>&amp;¹</strong></span> <span class='ocrx_word' id='word_1_72' title='bbox 672 1046 735 1091; x_wconf 88' lang='lat' dir='ltr'><strong>erat</strong></span> <span class='ocrx_word' id='word_1_73' title='bbox 752 1031 927 1092; x_wconf 81' lang='lat' dir='ltr'><strong>Protetilaus.</strong></span> <span class='ocrx_word' id='word_1_74' title='bbox 942 1030 1085 1109; x_wconf 88' lang='lat' dir='ltr'><strong>quosdam</strong></span> <span class='ocrx_word' id='word_1_75' title='bbox 1124 1075 1127 1079; x_wconf 87' lang='lat'><em>-</em></span> 
     </span>
     <span class='ocr_line' id='line_1_11' title="bbox 111 1111 1087 1197; baseline -0.007 -24"><span class='ocrx_word' id='word_1_76' title='bbox 111 1124 212 1174; x_wconf 87' lang='lat' dir='ltr'><strong>tamen</strong></span> <span class='ocrx_word' id='word_1_77' title='bbox 229 1114 394 1187; x_wconf 81' lang='lat' dir='ltr'><strong>credidille,</strong></span> <span class='ocrx_word' id='word_1_78' title='bbox 409 1118 535 1197; x_wconf 68' lang='lat' dir='ltr'><strong>Acashrm</strong></span> <span class='ocrx_word' id='word_1_79' title='bbox 554 1114 592 1173; x_wconf 87' lang='lat' dir='ltr'><strong>ad</strong></span> <span class='ocrx_word' id='word_1_80' title='bbox 608 1112 730 1188; x_wconf 82' lang='lat' dir='ltr'><strong>Troiani</strong></span> <span class='ocrx_word' id='word_1_81' title='bbox 750 1111 819 1173; x_wconf 91' lang='lat' dir='ltr'><strong>belli</strong></span> <span class='ocrx_word' id='word_1_82' title='bbox 839 1123 977 1189; x_wconf 78' lang='lat' dir='ltr'><strong>tempora</strong></span> <span class='ocrx_word' id='word_1_83' title='bbox 987 1111 1087 1189; x_wconf 85' lang='lat' dir='ltr'><strong>super.</strong></span> 
     </span>
     <span class='ocr_line' id='line_1_12' title="bbox 114 1192 1086 1289; baseline -0.003 -32"><span class='ocrx_word' id='word_1_84' title='bbox 114 1192 230 1270; x_wconf 82' lang='lat' dir='ltr'><strong>vixille,</strong></span> <span class='ocrx_word' id='word_1_85' title='bbox 259 1198 322 1258; x_wconf 86' lang='lat' dir='ltr'><strong>&amp;a</strong></span> <span class='ocrx_word' id='word_1_86' title='bbox 345 1196 449 1269; x_wconf 87' lang='lat' dir='ltr'><strong>Peleo,</strong></span> <span class='ocrx_word' id='word_1_87' title='bbox 482 1196 530 1273; x_wconf 89' lang='lat' dir='ltr'><strong>qui</strong></span> <span class='ocrx_word' id='word_1_88' title='bbox 556 1197 618 1273; x_wconf 83' lang='lat' dir='ltr'><strong>ejus</strong></span> <span class='ocrx_word' id='word_1_89' title='bbox 642 1210 764 1283; x_wconf 72' lang='lat' dir='ltr'><strong>osorem</strong></span> <span class='ocrx_word' id='word_1_90' title='bbox 784 1192 1086 1289; x_wconf 38' lang='lat' dir='ltr'><strong>occidit,·enpulsuut</strong></span> 
     </span>
     <span class='ocr_line' id='line_1_13' title="bbox 112 1274 1087 1437; baseline -0.002 -18"><span class='ocrx_word' id='word_1_91' title='bbox 112 1296 227 1431; x_wconf 76' lang='lat' dir='ltr'><strong>ttjtr</strong></span> <span class='ocrx_word' id='word_1_92' title='bbox 243 1274 1087 1437; x_wconf 62' lang='lat' dir='ltr'><strong>Altht‘lttlllttttttlhttthtttttmlt</strong></span> 
     </span>
     <span class='ocr_line' id='line_1_14' title="bbox 115 1436 1087 1517; baseline -0.002 -18"><span class='ocrx_word' id='word_1_93' title='bbox 115 1438 174 1499; x_wconf 89' lang='lat' dir='ltr'><strong>five</strong></span> <span class='ocrx_word' id='word_1_94' title='bbox 194 1438 352 1517; x_wconf 88' lang='lat' dir='ltr'><strong>Pyrrhum,</strong></span> <span class='ocrx_word' id='word_1_95' title='bbox 374 1437 494 1503; x_wconf 86' lang='lat' dir='ltr'><strong>Achillis</strong></span> <span class='ocrx_word' id='word_1_96' title='bbox 519 1438 630 1514; x_wconf 85' lang='lat' dir='ltr'><strong>fillum,</strong></span> <span class='ocrx_word' id='word_1_97' title='bbox 657 1439 820 1517; x_wconf 69' lang='lat' dir='ltr'><strong>properatin</strong></span> <span class='ocrx_word' id='word_1_98' title='bbox 836 1439 963 1500; x_wconf 88' lang='lat' dir='ltr'><strong>reditum</strong></span> <span class='ocrx_word' id='word_1_99' title='bbox 990 1436 1087 1499; x_wconf 85' lang='lat' dir='ltr'><strong>versus</strong></span> 
     </span>
     <span class='ocr_line' id='line_1_15' title="bbox 113 1518 1088 1603; baseline -0.002 -22"><span class='ocrx_word' id='word_1_100' title='bbox 113 1518 257 1594; x_wconf 81' lang='lat' dir='ltr'><strong>Phthiam</strong></span> <span class='ocrx_word' id='word_1_101' title='bbox 276 1518 390 1596; x_wconf 71' lang='lat' dir='ltr'><strong>refert,</strong></span> <span class='ocrx_word' id='word_1_102' title='bbox 413 1522 480 1599; x_wconf 89' lang='lat' dir='ltr'><strong>quia</strong></span> <span class='ocrx_word' id='word_1_103' title='bbox 493 1522 667 1597; x_wconf 84' lang='lat' dir='ltr'><strong>audiverat,</strong></span> <span class='ocrx_word' id='word_1_104' title='bbox 692 1522 818 1603; x_wconf 70' lang='lat' dir='ltr'><strong>mamm</strong></span> <span class='ocrx_word' id='word_1_105' title='bbox 841 1519 981 1599; x_wconf 81' lang='lat' dir='ltr'><strong>pepulille</strong></span> <span class='ocrx_word' id='word_1_106' title='bbox 997 1537 1088 1597; x_wconf 88' lang='lat' dir='ltr'><strong>regno</strong></span> 
     </span>
     <span class='ocr_line' id='line_1_16' title="bbox 94 1598 1093 1681; baseline -0.001 -19"><span class='ocrx_word' id='word_1_107' title='bbox 94 1634 96 1644; x_wconf 69' lang='lat'><strong>,</strong></span> <span class='ocrx_word' id='word_1_108' title='bbox 115 1620 206 1663; x_wconf 83' lang='lat' dir='ltr'><strong>avum</strong></span> <span class='ocrx_word' id='word_1_109' title='bbox 226 1598 331 1664; x_wconf 88' lang='lat' dir='ltr'><strong>Pelea:</strong></span> <span class='ocrx_word' id='word_1_110' title='bbox 353 1622 416 1680; x_wconf 92' lang='lat' dir='ltr'><strong>quae</strong></span> <span class='ocrx_word' id='word_1_111' title='bbox 441 1617 501 1664; x_wconf 87' lang='lat' dir='ltr'><strong>non</strong></span> <span class='ocrx_word' id='word_1_112' title='bbox 516 1604 595 1681; x_wconf 87' lang='lat' dir='ltr'><strong>cepit</strong></span> <span class='ocrx_word' id='word_1_113' title='bbox 614 1622 745 1681; x_wconf 87' lang='lat' dir='ltr'><strong>nuperus</strong></span> <span class='ocrx_word' id='word_1_114' title='bbox 763 1602 857 1662; x_wconf 82' lang='lat' dir='ltr'><strong>editor</strong></span> <span class='ocrx_word' id='word_1_115' title='bbox 877 1602 1046 1672; x_wconf 82' lang='lat' dir='ltr'><strong>Barnesrus,</strong></span> <span class='ocrx_word' id='word_1_116' title='bbox 1059 1603 1093 1661; x_wconf 75' lang='lat' dir='ltr'><strong>dr</strong></span> 
     </span>
     <span class='ocr_line' id='line_1_17' title="bbox 7 1682 1241 1762; baseline -0.001 -20"><span class='ocrx_word' id='word_1_117' title='bbox 7 1720 8 1723; x_wconf 58' lang='lat'><em>=</em></span> <span class='ocrx_word' id='word_1_118' title='bbox 116 1682 259 1746; x_wconf 87' lang='lat' dir='ltr'><strong>contraria</strong></span> <span class='ocrx_word' id='word_1_119' title='bbox 277 1682 448 1761; x_wconf 88' lang='lat' dir='ltr'><strong>Euripidem</strong></span> <span class='ocrx_word' id='word_1_120' title='bbox 465 1684 528 1745; x_wconf 86' lang='lat' dir='ltr'><strong>aliis</strong></span> <span class='ocrx_word' id='word_1_121' title='bbox 545 1684 661 1747; x_wconf 80' lang='lat' dir='ltr'><strong>tradere</strong></span> <span class='ocrx_word' id='word_1_122' title='bbox 675 1683 891 1762; x_wconf 57' lang='lat' dir='ltr'><strong>crediditcllic</strong></span> <span class='ocrx_word' id='word_1_123' title='bbox 909 1683 998 1743; x_wconf 88' lang='lat' dir='ltr'><strong>etiam</strong></span> <span class='ocrx_word' id='word_1_124' title='bbox 1013 1684 1091 1742; x_wconf 80' lang='lat' dir='ltr'><strong>A&#39;ca·</strong></span> <span class='ocrx_word' id='word_1_125' title='bbox 1181 1747 1183 1749; x_wconf 53' lang='grc'>,</span> <span class='ocrx_word' id='word_1_126' title='bbox 1240 1685 1241 1689; x_wconf 77' lang='grc'>’</span> 
     </span>
     <span class='ocr_line' id='line_1_18' title="bbox 109 1763 1091 1847; baseline 0.001 -24"><span class='ocrx_word' id='word_1_127' title='bbox 109 1766 166 1847; x_wconf 79' lang='lat' dir='ltr'><strong>stus</strong></span> <span class='ocrx_word' id='word_1_128' title='bbox 189 1766 277 1842; x_wconf 89' lang='lat' dir='ltr'><strong>patris</strong></span> <span class='ocrx_word' id='word_1_129' title='bbox 302 1764 389 1827; x_wconf 87' lang='lat' dir='ltr'><strong>Peliae</strong></span> <span class='ocrx_word' id='word_1_130' title='bbox 414 1765 445 1829; x_wconf 89' lang='lat' dir='ltr'><strong>in</strong></span> <span class='ocrx_word' id='word_1_131' title='bbox 475 1765 620 1830; x_wconf 85' lang='lat' dir='ltr'><strong>honorem</strong></span> <span class='ocrx_word' id='word_1_132' title='bbox 645 1767 768 1829; x_wconf 87' lang='lat' dir='ltr'><strong>instituit</strong></span> <span class='ocrx_word' id='word_1_133' title='bbox 793 1763 883 1825; x_wconf 86' lang='lat' dir='ltr'><strong>ludos</strong></span> <span class='ocrx_word' id='word_1_134' title='bbox 905 1763 1091 1825; x_wconf 79' lang='lat' dir='ltr'><strong>funebres&amp;</strong></span> 
     </span>
     <span class='ocr_line' id='line_1_19' title="bbox 117 1845 1090 1927; baseline -0.002 -20"><span class='ocrx_word' id='word_1_135' title='bbox 117 1862 264 1923; x_wconf 87' lang='lat' dir='ltr'><strong>agonem,</strong></span> <span class='ocrx_word' id='word_1_136' title='bbox 278 1866 351 1924; x_wconf 90' lang='lat' dir='ltr'><strong>quos</strong></span> <span class='ocrx_word' id='word_1_137' title='bbox 368 1846 442 1927; x_wconf 85' lang='lat' dir='ltr'><strong>saepe</strong></span> <span class='ocrx_word' id='word_1_138' title='bbox 459 1866 475 1909; x_wconf 91' lang='lat' dir='ltr'><strong>a</strong></span> <span class='ocrx_word' id='word_1_139' title='bbox 484 1848 644 1926; x_wconf 75' lang='lat' dir='ltr'><strong>pittoribus</strong></span> <span class='ocrx_word' id='word_1_140' title='bbox 655 1852 681 1910; x_wconf 76' lang='lat' dir='ltr'><strong>dr</strong></span> <span class='ocrx_word' id='word_1_141' title='bbox 694 1845 850 1909; x_wconf 78' lang='lat' dir='ltr'><strong>artificibus</strong></span> <span class='ocrx_word' id='word_1_142' title='bbox 868 1845 1090 1924; x_wconf 58' lang='lat' dir='ltr'><strong>exprellosmess</strong></span> 
     </span>
     <span class='ocr_line' id='line_1_20' title="bbox 118 1926 1091 2011; baseline -0.002 -22"><span class='ocrx_word' id='word_1_143' title='bbox 118 1939 214 1989; x_wconf 90' lang='lat' dir='ltr'><strong>morat</strong></span> <span class='ocrx_word' id='word_1_144' title='bbox 235 1927 351 1991; x_wconf 87' lang='lat' dir='ltr'><strong>Pausan.</strong></span> <span class='ocrx_word' id='word_1_145' title='bbox 374 1943 406 1990; x_wconf 91' lang='lat' dir='ltr'><strong>ut</strong></span> <span class='ocrx_word' id='word_1_146' title='bbox 425 1928 562 2011; x_wconf 71' lang='lat' dir='ltr'><strong>lis,·111,</strong></span> <span class='ocrx_word' id='word_1_147' title='bbox 583 1929 630 2006; x_wconf 88' lang='lat'><strong>18,</strong></span> <span class='ocrx_word' id='word_1_148' title='bbox 647 1950 674 1991; x_wconf 79' lang='lat' dir='ltr'><strong>v.</strong></span> <span class='ocrx_word' id='word_1_149' title='bbox 695 1950 739 2009; x_wconf 88' lang='lat'><strong>17.</strong></span> <span class='ocrx_word' id='word_1_150' title='bbox 759 1928 811 1999; x_wconf 81' lang='lat' dir='ltr'><strong>V&#39;l,</strong></span> <span class='ocrx_word' id='word_1_151' title='bbox 828 1948 874 1990; x_wconf 89' lang='lat'><strong>20.</strong></span> <span class='ocrx_word' id='word_1_152' title='bbox 890 1926 948 1989; x_wconf 83' lang='lat' dir='ltr'><strong>hos</strong></span> <span class='ocrx_word' id='word_1_153' title='bbox 963 1928 1091 2005; x_wconf 82' lang='lat' dir='ltr'><strong>Argivos</strong></span> 
     </span>
     <span class='ocr_line' id='line_1_21' title="bbox 118 2008 1092 2095; baseline -0.003 -25"><span class='ocrx_word' id='word_1_154' title='bbox 118 2018 205 2070; x_wconf 87' lang='lat' dir='ltr'><strong>vocat</strong></span> <span class='ocrx_word' id='word_1_155' title='bbox 222 2008 331 2089; x_wconf 90' lang='lat' dir='ltr'><strong>Hygln.</strong></span> <span class='ocrx_word' id='word_1_156' title='bbox 350 2010 411 2072; x_wconf 85' lang='lat' dir='ltr'><strong>fab.</strong></span> <span class='ocrx_word' id='word_1_157' title='bbox 430 2030 508 2095; x_wconf 80' lang='lat'>2733</span> <span class='ocrx_word' id='word_1_158' title='bbox 528 2012 560 2072; x_wconf 89' lang='lat' dir='ltr'><strong>in·</strong></span> <span class='ocrx_word' id='word_1_159' title='bbox 578 2010 686 2090; x_wconf 83' lang='lat' dir='ltr'><strong>iisque,</strong></span> <span class='ocrx_word' id='word_1_160' title='bbox 706 2012 756 2088; x_wconf 92' lang='lat' dir='ltr'><strong>qui</strong></span> <span class='ocrx_word' id='word_1_161' title='bbox 774 2010 924 2085; x_wconf 80' lang='lat' dir='ltr'><strong>vicerunt,</strong></span> <span class='ocrx_word' id='word_1_162' title='bbox 937 2014 1092 2069; x_wconf 76' lang='lat' dir='ltr'><strong>enumerat</strong></span> 
     </span>
     <span class='ocr_line' id='line_1_22' title="bbox 91 2088 1231 2173; baseline 0 -24"><span class='ocrx_word' id='word_1_163' title='bbox 91 2163 94 2167; x_wconf 20' lang='grc' dir='ltr'>Ι</span> <span class='ocrx_word' id='word_1_164' title='bbox 119 2088 261 2169; x_wconf 89' lang='lat' dir='ltr'><strong>plurimos</strong></span> <span class='ocrx_word' id='word_1_165' title='bbox 278 2092 464 2170; x_wconf 79' lang='lat' dir='ltr'><strong>Argonautas.</strong></span> <span class='ocrx_word' id='word_1_166' title='bbox 484 2094 553 2154; x_wconf 88' lang='lat' dir='ltr'><strong>vide</strong></span> <span class='ocrx_word' id='word_1_167' title='bbox 562 2093 593 2153; x_wconf 89' lang='lat' dir='ltr'><strong>in</strong></span> <span class='ocrx_word' id='word_1_168' title='bbox 612 2094 701 2155; x_wconf 81' lang='lat' dir='ltr'><strong>Calai.</strong></span> <span class='ocrx_word' id='word_1_169' title='bbox 712 2092 799 2170; x_wconf 83' lang='lat' dir='ltr'><strong>ipsrus</strong></span> <span class='ocrx_word' id='word_1_170' title='bbox 812 2091 900 2151; x_wconf 89' lang='lat' dir='ltr'><strong>etiam</strong></span> <span class='ocrx_word' id='word_1_171' title='bbox 916 2091 1092 2173; x_wconf 76' lang='lat' dir='ltr'><strong>Acastiima·</strong></span> <span class='ocrx_word' id='word_1_172' title='bbox 1196 2111 1199 2117; x_wconf 45' lang='lat'><em>¹</em></span> <span class='ocrx_word' id='word_1_173' title='bbox 1227 2112 1231 2120; x_wconf 88' lang='lat'><strong>·</strong></span> 
     </span>
     <span class='ocr_line' id='line_1_23' title="bbox 10 2171 1093 2251; baseline -0.001 -21"><span class='ocrx_word' id='word_1_174' title='bbox 10 2204 13 2209; x_wconf 32' lang='grc' dir='ltr'><strong><em>ι</em></strong></span> <span class='ocrx_word' id='word_1_175' title='bbox 121 2172 236 2251; x_wconf 87' lang='lat' dir='ltr'><strong>ginem,</strong></span> <span class='ocrx_word' id='word_1_176' title='bbox 255 2186 359 2251; x_wconf 87' lang='lat' dir='ltr'><strong>praeter</strong></span> <span class='ocrx_word' id='word_1_177' title='bbox 386 2178 564 2251; x_wconf 77' lang='lat' dir='ltr'><strong>Argonautas</strong></span> <span class='ocrx_word' id='word_1_178' title='bbox 591 2172 741 2251; x_wconf 79' lang='lat' dir='ltr'><strong>reliquos,</strong></span> <span class='ocrx_word' id='word_1_179' title='bbox 759 2174 887 2246; x_wconf 68' lang='lat' dir='ltr'><strong>maxima</strong></span> <span class='ocrx_word' id='word_1_180' title='bbox 909 2190 980 2233; x_wconf 85' lang='lat' dir='ltr'><strong>cura</strong></span> <span class='ocrx_word' id='word_1_181' title='bbox 997 2171 1093 2249; x_wconf 81' lang='lat' dir='ltr'><strong>pinxit</strong></span> 
     </span>
     <span class='ocr_line' id='line_1_24' title="bbox 9 2252 1093 2334; baseline -0.004 -19"><span class='ocrx_word' id='word_1_182' title='bbox 9 2310 11 2315; x_wconf 91' lang='lat'><em>.</em></span> <span class='ocrx_word' id='word_1_183' title='bbox 119 2252 246 2327; x_wconf 81' lang='lat' dir='ltr'><strong>Micon,</strong></span> <span class='ocrx_word' id='word_1_184' title='bbox 265 2256 292 2316; x_wconf 80' lang='lat' dir='ltr'><strong>dr</strong></span> <span class='ocrx_word' id='word_1_185' title='bbox 312 2257 375 2329; x_wconf 85' lang='lat' dir='ltr'><strong>ejus</strong></span> <span class='ocrx_word' id='word_1_186' title='bbox 393 2254 501 2334; x_wconf 83' lang='lat' dir='ltr'><strong>equus,</strong></span> <span class='ocrx_word' id='word_1_187' title='bbox 530 2256 599 2316; x_wconf 84' lang='lat' dir='ltr'><strong>telle</strong></span> <span class='ocrx_word' id='word_1_188' title='bbox 619 2255 725 2317; x_wconf 86' lang='lat' dir='ltr'><strong>eodem</strong></span> <span class='ocrx_word' id='word_1_189' title='bbox 749 2253 853 2330; x_wconf 54' lang='lat' dir='ltr'><strong>ttbsl,</strong></span> <span class='ocrx_word' id='word_1_190' title='bbox 867 2252 917 2315; x_wconf 68' lang='lat' dir='ltr'><strong>&#39;r8.</strong></span> <span class='ocrx_word' id='word_1_191' title='bbox 940 2253 1093 2313; x_wconf 72' lang='lat' dir='ltr'><strong>de&#39;morte</strong></span> 
     </span>
     <span class='ocr_line' id='line_1_25' title="bbox 119 2332 1092 2420; baseline -0.004 -24"><span class='ocrx_word' id='word_1_192' title='bbox 119 2334 213 2396; x_wconf 84' lang='lat' dir='ltr'><strong>Acasti</strong></span> <span class='ocrx_word' id='word_1_193' title='bbox 229 2332 304 2420; x_wconf 85' lang='lat' dir='ltr'><strong>nihil</strong></span> <span class='ocrx_word' id='word_1_194' title='bbox 324 2338 395 2399; x_wconf 88' lang='lat' dir='ltr'><strong>certi</strong></span> <span class='ocrx_word' id='word_1_195' title='bbox 414 2338 526 2415; x_wconf 87' lang='lat' dir='ltr'><strong>reperi:</strong></span> <span class='ocrx_word' id='word_1_196' title='bbox 547 2357 616 2399; x_wconf 88' lang='lat' dir='ltr'><strong>nam</strong></span> <span class='ocrx_word' id='word_1_197' title='bbox 632 2337 712 2414; x_wconf 87' lang='lat' dir='ltr'><strong>quod</strong></span> <span class='ocrx_word' id='word_1_198' title='bbox 732 2335 874 2399; x_wconf 84' lang='lat' dir='ltr'><strong>Morerius</strong></span> <span class='ocrx_word' id='word_1_199' title='bbox 894 2354 961 2395; x_wconf 89' lang='lat' dir='ltr'><strong>eum</strong></span> <span class='ocrx_word' id='word_1_200' title='bbox 977 2332 1092 2417; x_wconf 75' lang='lat' dir='ltr'><strong>al&#39;eleo</strong></span> 
     </span>
     <span class='ocr_line' id='line_1_26' title="bbox 120 2415 1096 2499; baseline 0 -24"><span class='ocrx_word' id='word_1_201' title='bbox 120 2415 259 2499; x_wconf 53' lang='lat' dir='ltr'><strong>occisum,</strong></span> <span class='ocrx_word' id='word_1_202' title='bbox 274 2432 389 2495; x_wconf 74' lang='lat' dir='ltr'><strong>namet,</strong></span> <span class='ocrx_word' id='word_1_203' title='bbox 409 2420 537 2498; x_wconf 90' lang='lat' dir='ltr'><strong>citetquc</strong></span> <span class='ocrx_word' id='word_1_204' title='bbox 556 2438 621 2480; x_wconf 86' lang='lat' dir='ltr'><strong>eam</strong></span> <span class='ocrx_word' id='word_1_205' title='bbox 639 2420 670 2479; x_wconf 88' lang='lat' dir='ltr'><strong>in</strong></span> <span class='ocrx_word' id='word_1_206' title='bbox 690 2437 753 2480; x_wconf 85' lang='lat' dir='ltr'><strong>rem</strong></span> <span class='ocrx_word' id='word_1_207' title='bbox 775 2416 980 2496; x_wconf 87' lang='lat' dir='ltr'><strong>Supplernenti</strong></span> <span class='ocrx_word' id='word_1_208' title='bbox 994 2418 1096 2477; x_wconf 69' lang='lat' dir='ltr'><strong>audior</strong></span> 
     </span>
     <span class='ocr_line' id='line_1_27' title="bbox 121 2495 1033 2578; baseline -0.005 -17"><span class='ocrx_word' id='word_1_209' title='bbox 121 2495 294 2575; x_wconf 84' lang='lat' dir='ltr'><strong>Apollodori</strong></span> <span class='ocrx_word' id='word_1_210' title='bbox 309 2498 416 2562; x_wconf 87' lang='lat' dir='ltr'><strong>librum</strong></span> <span class='ocrx_word' id='word_1_211' title='bbox 434 2501 497 2575; x_wconf 90' lang='grc' dir='ltr'>ΙΙΙ,</span> <span class='ocrx_word' id='word_1_212' title='bbox 516 2500 557 2561; x_wconf 91' lang='lat' dir='ltr'><strong>ihi</strong></span> <span class='ocrx_word' id='word_1_213' title='bbox 574 2497 649 2560; x_wconf 90' lang='lat' dir='ltr'><strong>nihil</strong></span> <span class='ocrx_word' id='word_1_214' title='bbox 669 2500 707 2560; x_wconf 85' lang='lat' dir='ltr'><strong>de</strong></span> <span class='ocrx_word' id='word_1_215' title='bbox 723 2502 785 2578; x_wconf 86' lang='lat' dir='ltr'><strong>ejus</strong></span> <span class='ocrx_word' id='word_1_216' title='bbox 804 2512 900 2560; x_wconf 89' lang='lat' dir='ltr'><strong>morte</strong></span> <span class='ocrx_word' id='word_1_217' title='bbox 919 2497 1033 2575; x_wconf 88' lang='lat' dir='ltr'><strong>legitur.</strong></span> 
     </span>
    </p>

    <p class='ocr_par' dir='ltr' id='par_1_4' title="bbox 120 2579 1229 3803">
     <span class='ocr_line' id='line_1_28' title="bbox 160 2579 1094 2660; baseline -0.002 -19"><span class='ocrx_word' id='word_1_218' title='bbox 160 2580 302 2644; x_wconf 88' lang='lat' dir='ltr'><strong>ACTOR.</strong></span> <span class='ocrx_word' id='word_1_219' title='bbox 322 2580 383 2643; x_wconf 83' lang='lat' dir='ltr'><strong>hoc</strong></span> <span class='ocrx_word' id='word_1_220' title='bbox 396 2583 517 2644; x_wconf 89' lang='lat' dir='ltr'><strong>nomine</strong></span> <span class='ocrx_word' id='word_1_221' title='bbox 535 2580 696 2659; x_wconf 80' lang='lat' dir='ltr'><strong>plurimi-in</strong></span> <span class='ocrx_word' id='word_1_222' title='bbox 711 2580 845 2660; x_wconf 77' lang='lat' dir='ltr'><strong>mythico</strong></span> <span class='ocrx_word' id='word_1_223' title='bbox 861 2579 959 2641; x_wconf 79' lang='lat' dir='ltr'><strong>seculo</strong></span> <span class='ocrx_word' id='word_1_224' title='bbox 981 2579 1094 2641; x_wconf 84' lang='lat' dir='ltr'><strong>Heroes</strong></span> 
     </span>
     <span class='ocr_line' id='line_1_29' title="bbox 122 2655 1225 2741; baseline -0.001 -20"><span class='ocrx_word' id='word_1_225' title='bbox 122 2674 331 2737; x_wconf 81' lang='lat' dir='ltr'><strong>memorantur,</strong></span> <span class='ocrx_word' id='word_1_226' title='bbox 342 2682 418 2741; x_wconf 87' lang='lat' dir='ltr'><strong>quos</strong></span> <span class='ocrx_word' id='word_1_227' title='bbox 432 2663 482 2723; x_wconf 87' lang='lat' dir='ltr'><strong>hic</strong></span> <span class='ocrx_word' id='word_1_228' title='bbox 500 2668 670 2723; x_wconf 84' lang='lat' dir='ltr'><strong>enumerare</strong></span> <span class='ocrx_word' id='word_1_229' title='bbox 681 2655 754 2722; x_wconf 90' lang='lat' dir='ltr'><strong>nihil</strong></span> <span class='ocrx_word' id='word_1_230' title='bbox 771 2662 885 2723; x_wconf 89' lang='lat' dir='ltr'><strong>attinet.</strong></span> <span class='ocrx_word' id='word_1_231' title='bbox 901 2658 1096 2738; x_wconf 71' lang='lat' dir='ltr'><strong>quosdamre-</strong></span> <span class='ocrx_word' id='word_1_232' title='bbox 1220 2695 1225 2705; x_wconf 90' lang='lat'><strong>·</strong></span> 
     </span>
     <span class='ocr_line' id='line_1_30' title="bbox 121 2742 1095 2825; baseline -0.003 -21"><span class='ocrx_word' id='word_1_233' title='bbox 121 2742 233 2804; x_wconf 88' lang='lat' dir='ltr'><strong>censuit</strong></span> <span class='ocrx_word' id='word_1_234' title='bbox 244 2742 433 2805; x_wconf 82' lang='lat' dir='ltr'><strong>Barthius-ad</strong></span> <span class='ocrx_word' id='word_1_235' title='bbox 443 2744 526 2807; x_wconf 86' lang='lat' dir='ltr'><strong>Statii</strong></span> <span class='ocrx_word' id='word_1_236' title='bbox 541 2742 590 2805; x_wconf 88' lang='lat' dir='ltr'><strong>lib.</strong></span> <span class='ocrx_word' id='word_1_237' title='bbox 601 2743 670 2805; x_wconf 85' lang='lat' dir='ltr'><strong>Vlll</strong></span> <span class='ocrx_word' id='word_1_238' title='bbox 686 2742 783 2820; x_wconf 84' lang='lat' dir='ltr'><strong>Theb.</strong></span> <span class='ocrx_word' id='word_1_239' title='bbox 796 2762 864 2825; x_wconf 78' lang='lat'><strong>152,</strong></span> <span class='ocrx_word' id='word_1_240' title='bbox 876 2745 901 2803; x_wconf 82' lang='lat' dir='ltr'><strong>dr</strong></span> <span class='ocrx_word' id='word_1_241' title='bbox 912 2742 1095 2821; x_wconf 84' lang='lat' dir='ltr'><strong>lllezeriacus</strong></span> 
     </span>
     <span class='ocr_line' id='line_1_31' title="bbox 121 2822 1095 2906; baseline 0 -21"><span class='ocrx_word' id='word_1_242' title='bbox 121 2825 161 2885; x_wconf 86' lang='lat' dir='ltr'><strong>ad</strong></span> <span class='ocrx_word' id='word_1_243' title='bbox 178 2823 295 2903; x_wconf 89' lang='lat' dir='ltr'><strong>Epistol.</strong></span> <span class='ocrx_word' id='word_1_244' title='bbox 306 2825 406 2889; x_wconf 85' lang='lat' dir='ltr'><strong>Ovidii</strong></span> <span class='ocrx_word' id='word_1_245' title='bbox 418 2825 542 2903; x_wconf 89' lang='lat' dir='ltr'><strong>primam</strong></span> <span class='ocrx_word' id='word_1_246' title='bbox 552 2844 580 2903; x_wconf 87' lang='lat' dir='ltr'><strong>p.</strong></span> <span class='ocrx_word' id='word_1_247' title='bbox 591 2824 637 2906; x_wconf 75' lang='lat'><strong>38.</strong></span> <span class='ocrx_word' id='word_1_248' title='bbox 659 2823 719 2887; x_wconf 80' lang='lat' dir='ltr'><strong>llic‘</strong></span> <span class='ocrx_word' id='word_1_249' title='bbox 728 2838 811 2896; x_wconf 87' lang='lat' dir='ltr'><strong>vero,</strong></span> <span class='ocrx_word' id='word_1_250' title='bbox 847 2824 876 2884; x_wconf 86' lang='lat' dir='ltr'><strong>ui</strong></span> <span class='ocrx_word' id='word_1_251' title='bbox 888 2822 927 2884; x_wconf 84' lang='lat' dir='ltr'><strong>ab</strong></span> <span class='ocrx_word' id='word_1_252' title='bbox 934 2822 1052 2901; x_wconf 87' lang='lat' dir='ltr'><strong>Hygino</strong></span> <span class='ocrx_word' id='word_1_253' title='bbox 1066 2825 1095 2885; x_wconf 71' lang='grc' dir='ltr'><strong>δι</strong></span> 
     </span>
     <span class='ocr_line' id='line_1_32' title="bbox 121 2844 1111 3048; baseline -0.003 -80"><span class='ocrx_word' id='word_1_254' title='bbox 121 2904 281 2985; x_wconf 89' lang='lat' dir='ltr'><strong>Apollonio</strong></span> <span class='ocrx_word' id='word_1_255' title='bbox 303 2918 509 2968; x_wconf 86' lang='lat' dir='ltr'><strong>annumeratur</strong></span> <span class='ocrx_word' id='word_1_256' title='bbox 519 2906 711 2984; x_wconf 87' lang='lat' dir='ltr'><strong>Argonautis,</strong></span> <span class='ocrx_word' id='word_1_257' title='bbox 734 2906 770 2966; x_wconf 90' lang='lat' dir='ltr'><strong>ab</strong></span> <span class='ocrx_word' id='word_1_258' title='bbox 789 2844 852 2966; x_wconf 68' lang='lat' dir='ltr'><strong>altis</strong></span> <span class='ocrx_word' id='word_1_259' title='bbox 872 2903 1111 3048; x_wconf 50' lang='lat' dir='ltr'><strong>omillusbpiciv</strong></span> 
     </span>
     <span class='ocr_line' id='line_1_33' title="bbox 121 2986 1122 3071; baseline -0.004 -22"><span class='ocrx_word' id='word_1_260' title='bbox 121 2986 271 3051; x_wconf 79' lang='lat' dir='ltr'><strong>turfuille</strong></span> <span class='ocrx_word' id='word_1_261' title='bbox 282 2988 403 3071; x_wconf 74' lang='lat' dir='ltr'><strong>Hippafi</strong></span> <span class='ocrx_word' id='word_1_262' title='bbox 416 2987 508 3062; x_wconf 87' lang='lat' dir='ltr'><strong>filius,</strong></span> <span class='ocrx_word' id='word_1_263' title='bbox 521 2992 548 3050; x_wconf 78' lang='lat' dir='ltr'><strong>dt</strong></span> <span class='ocrx_word' id='word_1_264' title='bbox 559 2986 786 3067; x_wconf 87' lang='lat' dir='ltr'><strong>Peloponnesrus</strong></span> <span class='ocrx_word' id='word_1_265' title='bbox 798 3007 810 3049; x_wconf 71' lang='grc' dir='ltr'><strong>ε·</strong></span> <span class='ocrx_word' id='word_1_266' title='bbox 821 2989 883 3047; x_wconf 92' lang='lat' dir='ltr'><strong>duo</strong></span> <span class='ocrx_word' id='word_1_267' title='bbox 897 3005 965 3046; x_wconf 84' lang='lat' dir='ltr'><strong>vero</strong></span> <span class='ocrx_word' id='word_1_268' title='bbox 1022 2987 1101 3067; x_wconf 74' lang='lat' dir='ltr'><strong>ppafi</strong></span> <span class='ocrx_word' id='word_1_269' title='bbox 1120 2999 1122 3002; x_wconf 82' lang='grc'><strong><em>·</em></strong></span> 
     </span>
     <span class='ocr_line' id='line_1_34' title="bbox 122 3067 1097 3146; baseline -0.002 -15"><span class='ocrx_word' id='word_1_270' title='bbox 122 3082 323 3131; x_wconf 87' lang='lat' dir='ltr'><strong>memorantur</strong></span> <span class='ocrx_word' id='word_1_271' title='bbox 341 3070 380 3143; x_wconf 85' lang='lat' dir='ltr'><strong>ah</strong></span> <span class='ocrx_word' id='word_1_272' title='bbox 396 3070 516 3133; x_wconf 78' lang='lat' dir='ltr'><strong>Ouidio.</strong></span> <span class='ocrx_word' id='word_1_273' title='bbox 536 3072 616 3132; x_wconf 83' lang='lat' dir='ltr'><strong>Unus</strong></span> <span class='ocrx_word' id='word_1_274' title='bbox 633 3068 709 3129; x_wconf 89' lang='lat' dir='ltr'><strong>inter</strong></span> <span class='ocrx_word' id='word_1_275' title='bbox 728 3068 823 3131; x_wconf 73' lang='lat' dir='ltr'><strong>socios</strong></span> <span class='ocrx_word' id='word_1_276' title='bbox 839 3067 982 3146; x_wconf 82' lang='lat' dir='ltr'><strong>Meleagri</strong></span> <span class='ocrx_word' id='word_1_277' title='bbox 995 3068 1097 3129; x_wconf 86' lang='lat' dir='ltr'><strong>inre·</strong></span> 
     </span>
     <span class='ocr_line' id='line_1_35' title="bbox 121 3149 1152 3245; baseline -0.001 -34"><span class='ocrx_word' id='word_1_278' title='bbox 121 3151 244 3211; x_wconf 89' lang='lat' dir='ltr'><strong>natione</strong></span> <span class='ocrx_word' id='word_1_279' title='bbox 262 3152 324 3229; x_wconf 89' lang='lat' dir='ltr'><strong>apri</strong></span> <span class='ocrx_word' id='word_1_280' title='bbox 345 3150 499 3231; x_wconf 84' lang='lat' dir='ltr'><strong>Calydonii</strong></span> <span class='ocrx_word' id='word_1_281' title='bbox 517 3149 568 3213; x_wconf 83' lang='lat' dir='ltr'><strong>lib.</strong></span> <span class='ocrx_word' id='word_1_282' title='bbox 584 3150 904 3245; x_wconf 78' lang='lat' dir='ltr'><strong>Vllllllet.313;qui</strong></span> <span class='ocrx_word' id='word_1_283' title='bbox 922 3151 959 3210; x_wconf 86' lang='lat' dir='ltr'><strong>ab</strong></span> <span class='ocrx_word' id='word_1_284' title='bbox 978 3150 1095 3229; x_wconf 88' lang='lat' dir='ltr'><strong>Hygino</strong></span> <span class='ocrx_word' id='word_1_285' title='bbox 1144 3227 1152 3232; x_wconf 18' lang='lat' dir='ltr'><em>W</em></span> 
     </span>
     <span class='ocr_line' id='line_1_36' title="bbox 120 3229 1229 3313; baseline -0.002 -16"><span class='ocrx_word' id='word_1_286' title='bbox 120 3231 182 3297; x_wconf 69' lang='lat' dir='ltr'><strong>fab.</strong></span> <span class='ocrx_word' id='word_1_287' title='bbox 199 3250 261 3311; x_wconf 59' lang='lat'><strong>,173</strong></span> <span class='ocrx_word' id='word_1_288' title='bbox 284 3231 391 3295; x_wconf 88' lang='lat' dir='ltr'><strong>dicitur</strong></span> <span class='ocrx_word' id='word_1_289' title='bbox 416 3234 512 3313; x_wconf 81' lang='lat' dir='ltr'><strong>Euryti</strong></span> <span class='ocrx_word' id='word_1_290' title='bbox 534 3230 620 3294; x_wconf 86' lang='lat' dir='ltr'><strong>tilius.</strong></span> <span class='ocrx_word' id='word_1_291' title='bbox 658 3229 737 3293; x_wconf 82' lang='lat' dir='ltr'><strong>Alter</strong></span> <span class='ocrx_word' id='word_1_292' title='bbox 763 3243 839 3291; x_wconf 87' lang='lat' dir='ltr'><strong>mter</strong></span> <span class='ocrx_word' id='word_1_293' title='bbox 860 3232 1020 3294; x_wconf 86' lang='lat' dir='ltr'><strong>Centauros</strong></span> <span class='ocrx_word' id='word_1_294' title='bbox 1044 3230 1096 3295; x_wconf 63' lang='lat' dir='ltr'><strong>litt</strong></span> <span class='ocrx_word' id='word_1_295' title='bbox 1226 3273 1229 3277; x_wconf 92' lang='lat'><em>-</em></span> 
     </span>
     <span class='ocr_line' id='line_1_37' title="bbox 122 3312 1097 3395; baseline -0.003 -18"><span class='ocrx_word' id='word_1_296' title='bbox 122 3312 185 3377; x_wconf 87' lang='lat' dir='ltr'><strong>XII</strong></span> <span class='ocrx_word' id='word_1_297' title='bbox 203 3312 327 3376; x_wconf 86' lang='lat' dir='ltr'><strong>Metam.</strong></span> <span class='ocrx_word' id='word_1_298' title='bbox 349 3334 425 3395; x_wconf 76' lang='lat'><em>3523</em></span> <span class='ocrx_word' id='word_1_299' title='bbox 444 3316 475 3375; x_wconf 88' lang='lat' dir='ltr'><strong>in</strong></span> <span class='ocrx_word' id='word_1_300' title='bbox 494 3332 551 3393; x_wconf 87' lang='lat' dir='ltr'><strong>qua</strong></span> <span class='ocrx_word' id='word_1_301' title='bbox 568 3332 668 3393; x_wconf 91' lang='lat' dir='ltr'><strong>pugna</strong></span> <span class='ocrx_word' id='word_1_302' title='bbox 687 3314 942 3377; x_wconf 81' lang='lat' dir='ltr'><strong>Centaurorum&amp;</strong></span> <span class='ocrx_word' id='word_1_303' title='bbox 959 3312 1097 3393; x_wconf 84' lang='lat' dir='ltr'><strong>Lapitha-</strong></span> 
     </span>
     <span class='ocr_line' id='line_1_38' title="bbox 123 3394 1098 3475; baseline 0.001 -19"><span class='ocrx_word' id='word_1_304' title='bbox 123 3413 191 3456; x_wconf 89' lang='lat' dir='ltr'><strong>rum</strong></span> <span class='ocrx_word' id='word_1_305' title='bbox 210 3394 298 3457; x_wconf 90' lang='lat' dir='ltr'><strong>etiam</strong></span> <span class='ocrx_word' id='word_1_306' title='bbox 314 3396 492 3469; x_wconf 85' lang='lat' dir='ltr'><strong>memoratur</strong></span> <span class='ocrx_word' id='word_1_307' title='bbox 509 3396 651 3475; x_wconf 84' lang='lat' dir='ltr'><strong>Eurytus,</strong></span> <span class='ocrx_word' id='word_1_308' title='bbox 669 3395 804 3457; x_wconf 86' lang='lat' dir='ltr'><strong>omniurn</strong></span> <span class='ocrx_word' id='word_1_309' title='bbox 826 3394 1098 3458; x_wconf 81' lang='lat' dir='ltr'><strong>Centaurorum·lae··</strong></span> 
     </span>
     <span class='ocr_line' id='line_1_39' title="bbox 124 3474 1209 3555; baseline 0.001 -19"><span class='ocrx_word' id='word_1_310' title='bbox 124 3474 274 3549; x_wconf 79' lang='lat' dir='ltr'><strong>uillrmus,</strong></span> <span class='ocrx_word' id='word_1_311' title='bbox 291 3476 328 3537; x_wconf 88' lang='lat' dir='ltr'><strong>ab</strong></span> <span class='ocrx_word' id='word_1_312' title='bbox 353 3478 459 3539; x_wconf 87' lang='lat' dir='ltr'><strong>eodem</strong></span> <span class='ocrx_word' id='word_1_313' title='bbox 477 3492 564 3555; x_wconf 88' lang='lat' dir='ltr'><strong>poeta</strong></span> <span class='ocrx_word' id='word_1_314' title='bbox 583 3476 654 3541; x_wconf 84' lang='lat' dir='ltr'><strong>vers.</strong></span> <span class='ocrx_word' id='word_1_315' title='bbox 676 3498 743 3539; x_wconf 87' lang='lat'><em>220.</em></span> <span class='ocrx_word' id='word_1_316' title='bbox 753 3478 859 3539; x_wconf 69' lang='lat' dir='ltr'><strong>‘Potuit</strong></span> <span class='ocrx_word' id='word_1_317' title='bbox 885 3487 959 3555; x_wconf 84' lang='lat' dir='ltr'><strong>ergo·</strong></span> <span class='ocrx_word' id='word_1_318' title='bbox 976 3491 1098 3554; x_wconf 89' lang='lat' dir='ltr'><strong>uterque</strong></span> <span class='ocrx_word' id='word_1_319' title='bbox 1205 3483 1209 3489; x_wconf 89' lang='grc'>’</span> 
     </span>
     <span class='ocr_line' id='line_1_40' title="bbox 125 3555 1114 3639; baseline 0 -22"><span class='ocrx_word' id='word_1_320' title='bbox 125 3555 175 3617; x_wconf 89' lang='lat' dir='ltr'><strong>ille</strong></span> <span class='ocrx_word' id='word_1_321' title='bbox 193 3557 339 3639; x_wconf 81' lang='lat' dir='ltr'><strong>Hippafirs</strong></span> <span class='ocrx_word' id='word_1_322' title='bbox 355 3578 428 3620; x_wconf 90' lang='lat' dir='ltr'><strong>unus</strong></span> <span class='ocrx_word' id='word_1_323' title='bbox 446 3559 563 3621; x_wconf 80' lang='lat' dir='ltr'><strong>&amp;idem</strong></span> <span class='ocrx_word' id='word_1_324' title='bbox 578 3556 677 3633; x_wconf 79' lang='lat' dir='ltr'><strong>luisse,</strong></span> <span class='ocrx_word' id='word_1_325' title='bbox 696 3558 748 3637; x_wconf 91' lang='lat' dir='ltr'><strong>qui</strong></span> <span class='ocrx_word' id='word_1_326' title='bbox 765 3576 832 3620; x_wconf 90' lang='lat' dir='ltr'><strong>curn</strong></span> <span class='ocrx_word' id='word_1_327' title='bbox 847 3573 927 3637; x_wconf 88' lang='lat' dir='ltr'><strong>patre</strong></span> <span class='ocrx_word' id='word_1_328' title='bbox 938 3560 1114 3620; x_wconf 72' lang='lat' dir='ltr'><strong>fimulcom·</strong></span> 
     </span>
     <span class='ocr_line' id='line_1_41' title="bbox 123 3636 1100 3719; baseline 0.004 -20"><span class='ocrx_word' id='word_1_329' title='bbox 123 3648 170 3699; x_wconf 90' lang='lat' dir='ltr'><strong>tra</strong></span> <span class='ocrx_word' id='word_1_330' title='bbox 187 3636 325 3717; x_wconf 85' lang='lat' dir='ltr'><strong>Lapithas</strong></span> <span class='ocrx_word' id='word_1_331' title='bbox 340 3641 530 3718; x_wconf 84' lang='lat' dir='ltr'><strong>pugnaverit,</strong></span> <span class='ocrx_word' id='word_1_332' title='bbox 548 3644 575 3702; x_wconf 68' lang='grc' dir='ltr'><strong>ἃ</strong></span> <span class='ocrx_word' id='word_1_333' title='bbox 593 3639 670 3703; x_wconf 86' lang='lat' dir='ltr'><strong>solus</strong></span> <span class='ocrx_word' id='word_1_334' title='bbox 689 3652 789 3701; x_wconf 89' lang='lat' dir='ltr'><strong>contra</strong></span> <span class='ocrx_word' id='word_1_335' title='bbox 800 3660 902 3719; x_wconf 89' lang='lat' dir='ltr'><strong>aprum</strong></span> <span class='ocrx_word' id='word_1_336' title='bbox 920 3642 1007 3703; x_wconf 78' lang='lat' dir='ltr'><strong>abiit:</strong></span> <span class='ocrx_word' id='word_1_337' title='bbox 1024 3654 1100 3703; x_wconf 68' lang='lat' dir='ltr'><strong>utra</strong></span> 
     </span>
     <span class='ocr_line' id='line_1_42' title="bbox 127 3718 1100 3803; baseline 0.007 -22"><span class='ocrx_word' id='word_1_338' title='bbox 127 3735 187 3799; x_wconf 70' lang='lat' dir='ltr'><strong>une</strong></span> <span class='ocrx_word' id='word_1_339' title='bbox 203 3720 283 3786; x_wconf 87' lang='lat' dir='ltr'><strong>eninr</strong></span> <span class='ocrx_word' id='word_1_340' title='bbox 298 3718 349 3783; x_wconf 89' lang='lat' dir='ltr'><strong>illa</strong></span> <span class='ocrx_word' id='word_1_341' title='bbox 371 3722 523 3803; x_wconf 70' lang='lat' dir='ltr'><strong>canedulo</strong></span> <span class='ocrx_word' id='word_1_342' title='bbox 545 3725 653 3803; x_wconf 77' lang='lat' dir='ltr'><strong>jurene</strong></span> <span class='ocrx_word' id='word_1_343' title='bbox 670 3722 800 3791; x_wconf 80' lang='lat' dir='ltr'><strong>Nestore-</strong></span> <span class='ocrx_word' id='word_1_344' title='bbox 810 3722 945 3799; x_wconf 78' lang='lat' dir='ltr'><strong>contigit.</strong></span> <span class='ocrx_word' id='word_1_345' title='bbox 963 3720 1019 3789; x_wconf 81' lang='lat' dir='ltr'><strong>sed</strong></span> <span class='ocrx_word' id='word_1_346' title='bbox 1030 3740 1100 3788; x_wconf 83' lang='lat' dir='ltr'><strong>cunr</strong></span> 
     </span>
    </p>
   </div>
   <div class='ocr_carea' id='block_1_4' title="bbox 860 3804 930 3907">
    <p class='ocr_par' dir='ltr' id='par_1_5' title="bbox 860 3804 930 3907">
     <span class='ocr_line' id='line_1_43' title="bbox 860 3804 930 3907; baseline 0.143 -10"><span class='ocrx_word' id='word_1_347' title='bbox 860 3804 930 3907; x_wconf 61' lang='lat' dir='ltr'><strong>hi</strong></span> 
     </span>
    </p>
   </div>
   <div class='ocr_carea' id='block_1_5' title="bbox 0 0 1393 4659">
    <p class='ocr_par' dir='ltr' id='par_1_6' title="bbox 0 0 1393 4659">
     <span class='ocr_line' id='line_1_44' title="bbox 0 0 1393 4659; baseline 0 0"><span class='ocrx_word' id='word_1_348' title='bbox 0 0 1393 4659; x_wconf 95' lang='lat' dir='ltr'><strong> </strong></span> 
     </span>
    </p>
   </div>
  </div>
 </body>
</html>
