2750 4659
370 308 769 384 HISTORIA
1005 325 1056 380 ,ει

69 488 149 530 mus.
171 468 254 531 Haec
269 489 305 530 eo
324 473 428 547 pacto,
443 491 501 548 quo
521 471 669 544 dicemus,
682 487 750 531 cnm
761 467 885 544 Jasone,
904 481 988 548 rapto
1004 489 1055 533 au.

66 571 120 610 reo
139 551 279 627 vellere,
292 552 448 630 confugit,
465 565 553 630 atque
571 554 601 612 in
619 551 796 614 Thessaliam
811 549 939 627 Jolchon
956 553 1050 629 venit,
1079 559 1081 568 ’

68 633 255 712 Peliamque
282 653 398 714 regem,
419 634 533 694 filiabus
558 638 621 710 ejus
642 653 695 712 per
720 631 983 712 speciempietatis
1004 634 1055 694 de.

40 743 48 762 .
69 716 196 793 ceptis,
219 717 381 776 interemit·
394 714 563 792 Decemque
583 735 674 777 annos
692 733 759 778 cum
777 714 883 792 Jdsone
902 715 1055 775 concordi-

54 810 115 856 ter
133 797 237 869 vixit,
251 811 336 875 atquc
353 815 440 856 exeo
459 798 621 877 Dydimum,
633 791 837 878 'Aleymenum,
857 795 1056 876 Theffairdrum.

70 881 177 953 que&
194 879 347 958 Theffielum
359 878 468 955 genuit.
490 879 653 957 Repudiato
663 879 789 952 Medea,
806 877 895 952 Jason
905 878 1056 950 Glaucam,

69 958 123 1019 seu
144 960 291 1040 Creusam,
312 959 402 1020 filiam
415 959 567 1034 Creontis,
581 958 799 1023 Corinthiorum
816 961 910 1038 regis,
930 977 1055 1020 uxorem

44 1104 48 1114 ,
72 1041 174 1101 duxit.
193 1061 282 1122 quam
300 1040 464 1118 nuptiarum
481 1042 529 1101 die
539 1041 648 1102 Medea
664 1059 732 1102 cum
749 1052 810 1100 tota
826 1041 910 1100 srmul
923 1041 1055 1102 Creontis

71 1123 180 1200 regia,
205 1122 286 1184 misia
310 1119 418 1184 corona
438 1122 556 1182 venenis
577 1121 672 1196 illita,
692 1123 738 1183 vel
759 1119 876 1199 naphtae
894 1119 1055 1195 bitumine,
1130 1149 1140 1156 ·

70 1217 107 1263 ut
124 1203 248 1266 Plinius
271 1204 327 1278 ait,
345 1205 501 1266 cremavit:
518 1201 651 1280 filiosque
667 1204 698 1263 in
721 1202 816 1263 mariti
833 1201 975 1263 ultionem
996 1217 1058 1263 tru-

72 1285 196 1346 cidavit
219 1305 345 1360 omnes,
365 1298 468 1362 praeter
492 1283 661 1364 Tleffalum,
683 1284 732 1361 qui
757 1286 827 1362 fuga
853 1283 904 1345 fibi
932 1283 1055 1346 salutem

55 1362 231 1444 ·peperit.'
250 1365 358 1442 Jason,
382 1383 451 1426 curn
476 1364 584 1426 doloris
603 1365 662 1426 vim
682 1367 757 1428 ferre
775 1385 835 1442 non
863 1365 971 1444 pollet,
992 1386 1058 1442 pro-

71 1449 136 1523 pria
158 1449 217 1509 srbi
235 1466 325 1508 manu
336 1461 469 1509 mortem
484 1445 631 1508 conscivit.
658 1449 758 1508 Medea
777 1449 815 1510 ad
831 1447 955 1526 rugeam
968 1445 1057 1508 Athe.

71 1536 309 1606 narum'regem
330 1529 472 1606 confugit.
492 1529 546 1590 Cui
568 1541 660 1606 nupta
681 1531 794 1590 Medum
810 1527 904 1590 filium
925 1529 1055 1606 peperit,
1144 1536 1148 1554 ⁸

73 1614 124 1687 qui
143 1609 251 1689 postea
267 1608 554 1688 Media-imperavit.
571 1610 645 1672 inde
666 1607 805 1686 expulsa,
819 1611 856 1672 ad
874 1624 968 1687 partes
986 1610 1058 1673 Asrrc
1125 1659 1129 1668 .

71 1693 227 1752 transrens
247 1691 305 1774 (ait
321 1689 491 1774 Diodorus)
510 1692 629 1753 cuidam
647 1691 800 1752 clarissrmo
816 1691 911 1770 nupsrt
926 1692 987 1768 regi
1000 1737 1008 1764 ,
1020 1711 1057 1752 ex
1145 1700 1148 1705 ’

74 1794 138 1850 quo
161 1770 377 1834 dicunt-filium
389 1775 502 1834 Medum
517 1772 665 1852 peperisse.
686 1772 778 1834 multa
791 1771 865 1846 alii,
878 1793 941 1851 quae
957 1791 1057 1833 recen.

75 1855 143 1914 sere
168 1855 264 1932 magis
281 1854 414 1928 fastidio,
433 1873 526 1931 'quam
555 1854 714 1932 voluptati,
734 1853 891 1916 lestoribus
923 1853 1057 1914 futurum

75 1951 164 2013 puto.
195 1932 267 1996 Haec
284 1956 344 1996 non
367 1937 554 2011 omittenda,¹
562 1937 679 1999 'latinis
706 1932 800 1998 forsan
823 1933 1058 1997 adolescentibus

77 2037 143 2076 non
155 2015 244 2078 valde
255 2032 340 2090 nota,
360 2037 424 2079 eam
434 2017 504 2094 post
519 2030 647 2079 mortem
664 2019 696 2078 in
713 2018 806 2096 Elysio
826 2016 931 2082 Achilli
950 2015 1058 2094 nupfis-

77 2097 130 2173 se,
152 2099 237 2176 quod
260 2101 373 2178 primus
394 2100 470 2160 dixit
490 2099 617 2176 ibycus,
639 2098 801 2177 posthunc
824 2099 1008 2175 Simonides,
1029 2101 1058 2160 dc

80 2179 270 2255 Apollonius.
295 2183 333 2242 ad
353 2182 433 2258 quod
454 2178 687 2263 allusrt·Angelus
708 2183 883 2256 Posiriaaus,
908 2181 951 2242 vir
971 2181 1008 2244 de
1021 2179 1057 2243 li·

79 2263 149 2324 teris
166 2263 280 2324 Latinis
297 2264 410 2341 optime
431 2263 561 2324 meritus.
582 2262 612 2324 Is
629 2263 660 2322 in
679 2263 790 2325 Umbra
812 2263 876 2323 haec
891 2264 947 2326 ait:

162 2357 289 2438 Elyfium
306 2375 385 2420 tenet.
405 2359 449 2418 lrlc
467 2378 565 2438 magna
585 2346 746 2416 resecabilis
766 2357 856 2415 sambra
926 2419 928 2423 ,

162 2441 286 2500 Mutaris
301 2441 441 2522 pulchram
461 2438 590 2521 auspiciis
603 2440 657 2517 fibi
680 2438 807 2500 Colchida
822 2437 935 2522 junget,

162 2521 240 2582 Solis
260 2520 296 2581 te.
309 2521 412 2583 Oceani
431 2521 553 2582 uoluenti
567 2541 694 2602 progener
713 2540 778 2582 avo.
826 2560 827 2569 a
906 2530 912 2543 ³

467 2716 667 2798 DeAbsyrto.

145 2883 288 2965 Absyrtus
308 2901 344 2944 err
364 2881 449 2945 Aleta
471 2883 499 2945 δι
521 2880 669 2946 Asterodia
697 2891 781 2945 natus
805 2880 864 2956 esi,
892 2888 926 2941 ut
949 2881 1056 2960 'inquit

89 2965 270 3044 Apollonius.
295 2963 467 3042 Sophocles.
484 2967 515 3024 in
534 2962 669 3042 Scythia,
696 2982 757 3024 non
777 2983 815 3042 ex*
835 2963 938 3024 eadem
965 2977 1058 3026 matre

88 3067 173 3108 natos
189 3047 341 3126 Absyrtum
360 3051 388 3108 dc
406 3045 544 3107 Medeam
561 3045 678 3119 scribit,
689 3045 741 3108 sed
752 3045 889 3107 Medeam
905 3065 942 3106 ex
958 3045 1056 3123 Idyia,

87 3129 239 3211 Absyrtum
256 3131 322 3190 veto
337 3149 373 3189 ex
386 3130 495 3190 Neaera.
515 3127 581 3189 Fuit
590 3126 639 3187 hic
654 3127 693 3187 ob
709 3125 958 3204 pulchritudinem
968 3125 1057 3187 Phae·
1130 3161 1132 3170 r

88 3212 150 3270 elon
165 3213 405 3288 cognominatus,
415 3223 449 3270 ut
459 3209 628 3290 Apollonius
640 3207 714 3269 libro
726 3208 767 3270 111
781 3209 1060 3287 Argonauticorum,

92 3293 270 3357 &Timonax
280 3293 484 3371 Scythicorum
500 3291 545 3364 ll,
565 3291 718 3362 affirmant.
739 3289 830 3366 Sunt,
852 3290 900 3368 qui
915 3292 1060 3353 eumllle.

88 3373 140 3435 dea
155 3388 225 3436 natu
245 3377 386 3450 majorem
404 3372 714 3453 dicant'Pberecydes
729 3373 759 3432 in
777 3371 845 3447 Vll,
863 3391 880 3432 a
895 3372 1003 3434 llledea
1019 3391 1057 3434 ex

87 3452 194 3517 lettulo
206 3453 413 3530 subtatum&
431 3457 469 3516 ad
486 3455 622 3530 Jasonem
635 3455 830 3532 perductum,
849 3472 884 3514 ac
895 3468 926 3514 ut
943 3453 1058 3519 sEetam

90 3555 184 3615 regem
207 3539 384 3615 Argonautas
403 3536 603 3614 insequentem
623 3549 822 3610 morarentur,
842 3535 1050 3597 dilaceratum.

89 3617 246 3696 Sophocles
267 3619 296 3678 in
315 3619 491 3695 Tragoedia,
510 3639 574 3697 quae
594 3620 732 3680 Colchides
750 3616 935 3689 inscribitur,
957 3618 988 3676 in
1003 3631 1054 3692 pa-

90 3702 136 3764 tris
160 3700 272 3766 aedibus
285 3702 431 3765 laniatum
448 3700 567 3777 scribit,
595 3699 767 3780 Apollonius
789 3717 875 3776 vero,
895 3701 933 3762 ad
951 3697 1054 3762 lsirum
