2750 4659
130 320 762 402 ‘uncouAuslnun
858 345 1022 410 txxnnr
1135 305 1136 312 ‘

64 485 170 563 lupis&
190 488 394 566 Hippodamiae
411 487 505 550 lilium
524 486 583 548 fab.
599 487 760 562 LXXXV;
778 506 864 564 quern
882 490 930 552 alii
943 497 1016 573 Hip.

25 626 28 642 ,
58 572 165 650 palmum
181 569 419 648 &sHippnlcirnurn
437 583 553 630 vocant.
575 569 643 630 vide
656 568 811 630 iilunclteri
828 583 919 632 notes.
931 571 1017 647 hujus

62 649 165 710 Penelei
188 669 280 727 nepus
294 652 399 714 itidem
419 651 566 724 peneleus,
585 649 720 711 conditor
735 649 841 729 oppidi
856 652 951 713 Panell
969 655 1023 713 di-

61 731 129 789 citur
147 753 163 791 a
183 729 334 809 Stephano
356 732 397 792 in·
412 733 550 794 sistimus.
577 731 674 794 Leitus
693 749 762 792 vero
787 731 894 792 dicitur
915 733 1019 794 Lucreti
1058 793 1063 800 ,

62 813 86 871 de
103 813 230 873 Cleobuiis
247 813 341 886 filius,
357 831 420 890 quae
438 815 525 874 etiarn
542 813 663 873 nomina
680 825 830 892 corrupta:
857 828 926 874 nam
939 813 1021 892 quod

61 894 182 954 Ausonis
201 894 247 954 vel
256 895 427 974 Aietiryonis
442 893 590 955 restituant
599 894 651 954 viri
668 894 1021 969 connumerationes.

63 972 161 1034 melius
177 975 232 1048 est,
252 975 416 1051 exspedare
438 978 569 1036 certiora.

95 1055 395 1120 PERICLYNENUS.
412 1057 493 1116 Nelei
503 1056 598 1128 lilius,
611 1053 699 1115 stater
712 1053 857 1127 Nestoris,
874 1055 910 1117 ab
921 1059 1021 1120 omni·

62 1133 107 1196 bus
127 1136 288 1199 celebratus
304 1139 379 1201 inter
401 1141 589 1213 Argonautas.
609 1136 678 1195 vide
694 1135 831 1214 Apollon.
849 1133 882 1211 Ι,
905 1139 977 1220 156,
990 1141 1023 1206 ἃς,

61 1216 97 1276 ibi
112 1217 209 1279 Schol.
226 1221 346 1280 Homer.
364 1218 467 1295 Od.,ll.
485 1218 550 1296 380.
571 1215 708 1293 Orpheus
721 1217 812 1292 dicit,
833 1235 901 1278 eum
914 1220 1022 1281 venisse

61 1316 91 1358 ex
109 1298 226 1363 Pallene
245 1300 290 1362 vel
309 1298 426 1360 Pellene
451 1298 533 1381 (vid.
557 1296 767 1360 Eschenbaclrii
791 1301 900 1375 notas)
922 1301 950 1361 de
970 1302 1021 1364 Li-

59 1398 137 1456 paxo.
164 1381 297 1460 Hyginus
313 1399 382 1439 uero
400 1379 514 1457 Pylium
529 1377 609 1439 facit
629 1379 801 1442 scholiastes
817 1399 887 1440 vero
901 1381 1020 1444 Pindari

60 1461 91 1520 ad
110 1461 149 1523 lv
174 1461 257 1540 Pyth.
278 1461 331 1535 Ill,
346 1462 375 1522 ἃ
396 1461 440 1523 lX
454 1462 539 1522 Nem.
556 1463 616 1533 61,
635 1462 714 1521 Nelei
733 1464 760 1522 ἃ
779 1463 910 1523 Chloridis
925 1462 1020 1524 filium

58 1541 141 1615 sacis,
162 1561 251 1618 quam
268 1544 390 1604 Chlorida
411 1543 483 1602 dicit
504 1540 586 1603 suiffe
611 1540 701 1602 liliam
722 1541 854 1622 Tireliae,
874 1543 925 1604 ubi
950 1562 1020 1611 curn
1089 1579 1099 1602 s

60 1624 222 1703 Amphiarao
250 1621 411 1701 congressus
432 1624 547 1684 dicitur.
576 1622 627 1683 nist
653 1623 686 1684 iit
708 1622 835 1684 diversus
862 1643 879 1684 c
902 1624 1021 1703 nolito,
1103 1633 1106 1650 '

60 1704 136 1781 quod
154 1704 202 1765 vix
222 1718 300 1781 puto.
319 1707 429 1766 Seneca
450 1723 567 1782 quoque
581 1704 613 1764 in
628 1703 736 1766 Medea
754 1705 824 1788 635,

179 1785 262 1844 Patre
279 1788 405 1864 Neptuno
419 1788 536 1866 genitum
555 1788 679 1860 necavit,

173 1869 278 1927 Sumere
295 1870 445 1925 innumeras
462 1869 569 1950 saturnu
583 1867 698 1945 figuras.

59 1945 115 2007 sid.
137 1945 169 2004 in
185 1947 282 2009 Neleo:
302 1950 351 2026 qui
374 1949 502 2024 Neptuni
519 1947 595 2008 filius
612 1946 782 2010 censebatur
798 1967 816 2009 a
848 1947 967 2024 multis,
987 1959 1020 2012 ut

60 2028 200 2102 uidimus,
224 2032 252 2090 de
276 2030 346 2088 ltine
370 2033 471 2090 aucior
494 2029 683 2091 Neleidarum
708 2029 861 2106 Neptunus
892 2030 1029 2094 habitus·
1099 2041 1118 2078 .·

61 2108 112 2170 rid.
139 2109 239 2172 Schol.
270 2110 384 2170 Pindari
407 2109 446 2172 IV
476 2110 561 2188 Pyth.
584 2131 656 2194 309,
685 2113 712 2171 ἃ
738 2110 915 2174 Ον1ἀ.,ΧΙΙ
944 2113 1019 2174 silet.

84 2190 125 2264 56.
148 2193 176 2252 ἀ
193 2195 271 2254 rede
285 2210 370 2252 avum
387 2193 560 2272 Periclymeni
574 2193 745 2268 Neptunum
767 2192 840 2252 facit
853 2193 976 2256 Tzetzes
993 2193 1024 2258 ΙΙ

63 2210 184 2334 shiliad.
201 2295 259 2358 45,
278 2276 305 2334 de
322 2274 350 2334 d.
366 2272 537 2336 Scholiastes
556 2274 679 2335 Pindari.
700 2273 769 2334 licet
778 2274 933 2346 Pindarus,
953 2293 1021 2337 eum

64 2349 435 2434 Euphemoeconjungens,
457 2355 590 2416 videatur
609 2355 739 2434 Neptuni
750 2353 844 2416 filium
858 2355 1022 2419 credidisse.

64 2450 96 2492 ex
112 2433 167 2495 hoc
185 2434 371 2516 Periclymene
391 2436 585 2498 descendebat
599 2438 791 2509 Melanthius,
810 2449 893 2514 pater
910 2437 1021 2515 Codri,

65 2526 95 2573 ut
107 2515 232 2578 ostendit
249 2514 388 2579 lileursrus
408 2520 446 2578 de
461 2518 530 2596 Reg.
553 2517 656 2580 Athen.
674 2516 725 2578 lib.
742 2518 800 2590 ΙΙΙ,
817 2537 882 2596 cap.
901 2521 1022 2582 10.'Ne·
1128 2534 1132 2543 '

65 2607 162 2670 ptunus
184 2617 255 2658 vero
279 2619 335 2676 prae
362 2600 466 2660 ceteris
488 2598 618 2661 Neleidis
644 2598 725 2658 hunc
750 2590 959 2678 Periciy‘rnenum
977 2602 1023 2662 di·
1097 2635 1098 2638 ¹

65 2668 158 2738 lenisse
174 2681 300 2754 dicitur,
314 2680 496 2742 &decorasse
508 2697 642 2753 munere,
664 2695 696 2738 ut
714 2677 743 2740 se
755 2679 846 2755 pollet
860 2695 970 2742 vertere
989 2683 1022 2744 in

65 2760 149 2819 sarias
162 2760 284 2839 figuras:
300 2763 380 2839 quod
392 2763 514 2824 Ovidius
530 2765 557 2822 ἃ
570 2759 667 2823 Schol.
679 2759 813 2836 lipolloru
826 2761 854 2822 d.
866 2761 882 2820 l.
903 2762 1021 2824 docent.

65 2837 182 2902 inbello
198 2861 292 2915 vero,
313 2863 371 2922 quo
397 2858 478 2920 pater
497 2845 559 2917 ejus
575 2843 724 2920 oppressus
744 2842 800 2902 fult
819 2843 855 2902 ab
875 2843 1021 2920 Hercule,

68 2937 128 2981 cum
145 2923 174 2984 se
194 2927 226 2984 in
242 2923 370 2986 muscam
389 2924 591 2998 convertisset,
613 2923 694 2984 clava
708 2923 766 2984 fuit
782 2924 909 2998 occisus,
926 2925 1025 2986 secun-

27 3067 30 3071 ,
66 3001 131 3077 dum
149 3004 328 3067 scholiastes
348 3007 467 3070 dislum.
481 3005 604 3068 Ovidius
619 3024 686 3065 vero
703 3005 879 3066 verisimilius
893 3010 925 3066 in
943 3011 1026 3085 aqui·

66 3077 119 3144 larn
136 3087 324 3161 conversum,
341 3089 450 3167 sagittis
471 3089 507 3148 ab
529 3086 656 3148 Hercule
670 3087 855 3160 confectum,
870 3089 965 3149 tradit.
985 3089 1025 3152 ad

67 3160 125 3225 illas
142 3170 391 3246 metamorphoses
407 3169 521 3248 respicit
539 3169 659 3231 Severus
679 3167 812 3244 Sophiste
830 3169 860 3228 in
879 3175 1025 3250 excerptis
1138 3200 1142 3214 =

69 3241 225 3310 Rhetorum
241 3253 344 3311 Allatii
359 3271 425 3330 pag.
440 3267 517 3332 231>
586 3281 588 3284 v
700 3319 703 3329 s

105 3327 310 3394 PHALERUS.
335 3334 454 3406 Alconis¹
468 3332 560 3404 lilius,
584 3329 782 3402 Atheniensis,
805 3330 941 3396 omnibus
962 3353 1025 3396 me·

68 3424 201 3473 moratus.
223 3413 415 3490 Apolloni,
436 3415 494 3496 96,
512 3413 634 3491 Orpheo
652 3434 723 3488 142,
744 3411 835 3476 Valet.
849 3409 892 3476 Fi.
912 3415 940 3489 l,
960 3417 1027 3497 398.

68 3482 187 3554 Alcon'a
209 3493 370 3557 Scholiastc
390 3493 537 3573 Apollonii
562 3496 669 3556 dicitur
684 3493 760 3554 lilius
783 3493 934 3556 Erechtlrei
955 3500 1029 3574 regss
1129 3540 1137 3554 .

70 3570 300 3650 Atheniensium
322 3578 400 3637 unde
412 3578 520 3638 Asinus
536 3577 667 3638 Phalerus
681 3592 801 3640 vocatur
821 3597 836 3640 a
850 3577 962 3638 Valerio
975 3573 1026 3650 lili,

68 3646 123 3731 vl,
139 3677 205 3738 217.
229 3655 463 3726 HuncAleonen
477 3656 555 3719 sorte
574 3656 728 3736 respexerit
746 3657 880 3735 Virgilius
891 3657 953 3724 Ecl.
971 3641 1007 3742 s,
1143 3703 1147 3714 .

186 3741 249 3836 ¹siut
263 3741 380 3808 Alconis
396 3740 477 3802 labes
494 3740 607 3819 leudes,
626 3759 674 3802 aus
685 3740 780 3823 jurgia
795 3741 886 3892 ίοὲίτὶι.
935 3765 937 3771 ·
1019 3801 1023 3808 κ
