2750 4659
62 302 71 320 ·
135 380 137 385 Ι
211 217 907 397 mrtrnuunronncco
1005 248 1089 359 xu'

226 454 303 511 rum,
315 454 377 513 quae
392 436 422 497 in
438 434 552 503 Valerio
565 446 666 502 extant
701 435 802 499 Index.
819 436 901 515 Opus
919 434 1065 515 planeno·

227 536 295 579 vurn
318 518 483 579 &antehac
500 518 547 578 vix
558 482 719 594 speratum,
733 516 867 579 omnibus
884 517 1021 593 politioris
1031 520 1067 581 ii·

227 610 359 659 teraturae
375 599 502 660 studiofis
518 597 647 675 apprime
666 598 745 659 utile.
772 597 878 675 Lipsrae.
897 598 1066 663 Excudebat

205 679 268 775 ,Jo.
291 679 352 742 Alb.
368 678 532 743 Minzelius.
547 714 580 727 —
591 680 693 741 Prteter
706 678 803 740 Alardi
822 682 1063 745 commentarium

221 778 253 821 rn
275 761 482 837 Argonautica,
502 758 564 820 haec
584 762 674 823 editio
701 761 832 826 continet
857 760 928 822 Lud.
952 761 1066 830 (laertio-¹

219 842 265 902 nin
291 842 509 921 castigationem
532 840 694 919 Chtissoph.
724 840 812 901 Bulaei
833 838 1060 921 schediasmate,

218 921 265 997 Jo.
297 924 410 1004 Weirp'i
427 920 617 995 collectanea,
642 922 853 983 ohservationes
874 924 1003 984 &notas
1030 926 1064 986 in
1126 968 1132 976 x

211 1003 379 1077 Ualerium
397 1004 461 1065 &in
472 1004 567 1076 fronte
581 1001 648 1063 libri
665 1003 781 1065 Antonii
798 1000 934 1064 Sabellici
951 1006 1063 1067 varian-

219 1096 263 1146 tes
289 1079 436 1147 lectiones.
464 1084 612 1147 Sinistrum
640 1084 676 1143 de
695 1082 790 1144 Alardi
812 1102 900 1160 opera
917 1086 1060 1159 judicium

213 1164 324 1235 Barthii
334 1166 391 1228 vid.
409 1166 446 1225 ad
461 1164 585 1227 Statium
604 1163 640 1227 T.
655 1162 716 1236 111,
729 1182 758 1241 p.
774 1184 809 1223 12
830 1166 857 1225 6.
874 1162 938 1237 Jani
951 1166 1072 1237 Brucla·¹

212 1232 303 1319 inusti,
325 1248 361 1307 ad
385 1246 563 1321 Propertium
582 1264 610 1321 p.
640 1245 706 1305 108.
726 1243 799 1305 Petr.
813 1185 990 1319 immonni,
1009 1250 1059 1325 qui

215 1338 313 1389 tamen
340 1326 376 1386 ab
394 1326 593 1405 indignatione
610 1338 712 1385 contra
732 1322 867 1387 Alardum
887 1326 1010 1388 nimium
1029 1328 1061 1390 se

214 1408 307 1485 abripi
324 1406 417 1483 passus
435 1408 491 1481 est,
506 1408 537 1467 in
553 1402 633 1470 Praef.
648 1408 684 1466 ad
701 1402 855 1489 Flaccum„
865 1406 941 1469 Cum
957 1409 1057 1488 Lamp.

214 1489 336 1551 Alurdus
355 1486 434 1563 hunc
450 1503 597 1565 poetama
615 1485 643 1547 se
654 1485 825 1549 illustratum
842 1488 954 1563 ederet,
972 1505 1059 1555 natue

215 1589 305 1632 annos
314 1568 368 1629 suit
379 1588 437 1631 nnn
447 1568 511 1646 pius
522 1588 609 1647 quam
620 1567 737 1629 XXVII
749 1590 758 1643 ;
772 1568 849 1629 unde
859 1567 945 1631 laude
955 1569 1065 1633 fortas-¹

213 1650 243 1713 se
256 1650 340 1727 digna
352 1654 414 1725 ejus
430 1650 566 1713 industria
574 1682 589 1723 ‚1
597 1669 658 1731 ¹non
669 1652 749 1727 quod
758 1669 818 1709 non
828 1652 907 1711 omni
923 1665 1006 1729 parte
1013 1652 1056 1714 sa.

211 1730 317 1793 tisfecit
335 1731 476 1806 eruditis,
493 1726 765 1811 reprehendendus:
783 1729 833 1791 nisi
845 1733 965 1793 audacia
985 1750 1055 1794 con-

88 1882 91 1889 ,
168 1882 171 1889 Ι
209 1815 403 1876 tranctanda
432 1813 559 1875 hominis
584 1812 770 1874 mediocriter
793 1809 891 1896 dottip
908 1816 937 1875 dc
955 1825 1053 1875 tamen

211 1894 290 1955 hunc
310 1893 397 1955 talem
416 1906 532 1973 poetam
551 1893 682 1955 conantis
702 1894 829 1954 uastare.

42 2078 45 2085 ’
111 2052 1032 2123 AETASIVHEINSs-OBURMANNIANA
1156 2142 1159 2150 Ι

455 2218 533 2283 1680
545 2250 580 2269 ·-
594 2216 679 2299 1786.

86 2384 125 2451 ΙΙ.
140 2383 268 2462 Heiofius
284 2392 400 2461 poetam
414 2392 452 2443 err
467 2378 555 2444 codd.
572 2376 682 2459 scriptia
701 2378 868 2459 castigatum
887 2378 915 2441 u
932 2398 985 2457 pro
996 2375 1048 2443 suo

209 2465 327 2543 ingenio
345 2465 383 2525 ad
402 2476 499 2542 poetas
513 2462 700 2541 corrigendos
714 2475 782 2523 nato
799 2462 935 2537 facioque
949 2480 1052 2523 emen·

206 2546 346 2606 dationem
356 2545 435 2606 dedit
451 2543 534 2607 1680.
546 2546 637 2607 Notas
646 2562 714 2603 vero
723 2544 760 2603 ab
771 2562 807 2602 eo
823 2545 899 2602 curis
912 2540 1046 2605 secundia

169 2681 173 2688 .
203 2624 323 2704 scriptas
350 2630 459 2705 primun
477 2624 597 2701 protulit
613 2622 711 2687 Petrus'
729 2625 897 2683 Burmannus
921 2624 951 2681 in
975 2625 1044 2685 edit

203 2706 233 2771 ΙΙ
248 2728 339 2785 1701,
355 2706 504 2785 aliquoties
526 2704 660 2785 repetita,
679 2705 765 2764 etiarn
784 2702 854 2777 aJo.
867 2701 974 2779 Vulpio
992 2704 1045 2765 Pa·

202 2788 272 2851 tavii
299 2808 382 2869 1720.
411 2788 471 2851 Has
491 2786 558 2849 dein
578 2804 645 2847 cum
666 2784 723 2845 suis
743 2785 770 2845 n
788 2781 966 2860 superiorum
983 2786 1045 2847 edi·

105 2900 118 2923 ι
201 2882 298 2933 torum
315 2868 361 2937 vel
377 2868 492 2948 integris
510 2866 556 2929 vel
578 2864 691 2929 selectis
708 2865 859 2939 conjunxit
874 2864 904 2924 in
920 2864 965 2926 ed.
984 2885 1044 2927 rna.
1095 2907 1105 2928 s,

197 2952 361 3029 jori17n4.
390 2950 434 3012 Ex
459 2948 515 3010 hac
535 2951 641 3029 partim
674 2950 924 3021 contractiorem
939 2949 1045 3024 partim

200 3048 278 3093 noua
296 3031 452 3093 collatione
472 3031 521 3093 ed.
548 3029 622 3113 1498
642 3032 669 3092 ἃ
689 3049 702 3088 1
726 3030 762 3111 65
791 3030 818 3090 ἃ
845 3041 1050 3104 εκοεῐρῑετιιπι,

200 3111 356 3175 lectionum
380 3114 585 3175 accuratiorem
608 3048 728 3171 secit's

201 3196 277 3273 lestus
293 3193 462 3272 Altenbutgi
480 3194 564 3272 1781.
585 3193 678 3269 Atque
696 3186 804 3249 horum·
824 3190 1041 3251 triumvirorum

195 3274 328 3338 lectionis
338 3274 441 3337 Valerii
455 3273 660 3335 constituendae
669 3289 769 3331 curam
784 3268 885 3344 secuti,
896 3268 1042 3336 Valerium

201 3359 321 3432 damus,
342 3352 429 3419 etiarn
454 3375 489 3417 ex
510 3355 604 3417 nostro
629 3352 713 3416 sensu
728 3352 767 3413 ad
788 3352 880 3415 studia
901 3354 1041 3429 juvenum

204 3440 515 3509 accommodatiorem.-

86 3519 161 3585 1680
201 3518 480 3599 Amsselodami,12.
518 3536 553 3579 ex
582 3514 745 3580 recensione
766 3514 833 3578 Nic.
858 3514 988 3594 Heinfii,
1011 3518 1040 3578 &

118 3623 121 3629 ¹
199 3600 259 3661 stne
276 3601 363 3660 notis.
384 3600 456 3679 Quae
474 3600 565 3661 editio
582 3598 702 3677 quidem
719 3598 827 3674 priores
845 3594 972 3658 multum
990 3596 1038 3657 su·

204 3692 304 3760 petat,
321 3681 400 3759 quod
415 3679 500 3759 verba
517 3693 613 3765 poeta
630 3680 828 3766 emendatiora
844 3675 962 3748 exhibet
971 3674 1041 3752 ,sed

729 3107 835 3187 heoph.
857 3107 951 3185 Chph.
966 3110 1044 3168 Han
1136 3171 1139 3175 ,
1204 3191 1214 3214 l
