2750 4659
321 420 323 423 Ι
360 316 427 409 146
538 320 594 390 c..
621 315 874 432 unquam
905 267 1139 396 nunccu-

357 475 433 551 Silva
444 477 536 550 trabes
546 509 556 559 ·‚
568 475 701 575 fessaeque
714 479 789 577 prius
802 479 911 552 rediere
924 473 1051 580 sagittae,

283 649 287 658 .
355 589 475 660 Arboris
488 587 522 658 ad
535 589 669 660 summum
681 615 764 685 quam
779 615 936 686 peruenere
950 617 1096 667 cacumen.

356 693 437 790 Quin
450 693 483 767 dt
495 695 530 766 ab
543 696 678 791 Hyrcanis
691 694 818 767 Titanius
832 697 942 794 expulit
954 697 1039 770 antris

340 803 444 904 ¹Cyris
457 802 485 874 in
496 832 571 875 arma
584 804 681 876 uiros:
696 805 876 902 plaustrisque
890 808 924 878 ad
938 807 1038 905 ptuelia
1050 808 1162 880 enudat
1280 818 1325 882 to

357 914 501 987 Coraletae
515 939 626 986 traxere
638 942 750 986 manns:
767 914 806 986 ibi
819 913 907 986 sutilis
922 913 977 986 illis
1009 1009 1021 1014 ι

356 1027 394 1096 Et
407 1024 525 1107 domus,
538 1023 570 1097 dc
581 1026 671 1097 crudo
683 1019 803 1098 relidens
818 1025 988 1097 subvellere
1003 1026 1131 1122 conjux,
1165 1019 1170 1024 ’
1264 1096 1266 1108 ,

71 1137 77 1149 '
221 1202 224 1211 ,
273 1215 276 1218 ,
356 1132 615 1232 Etpueseprimo
632 1158 766 1230 torquens
781 1158 896 1210 remoue
910 1133 1020 1206 cateias.

358 1243 507 1343 Linquitur
519 1244 652 1340 abruptus
666 1243 771 1341 pelago
784 1247 859 1340 Tyra
871 1273 881 1325 ;
894 1240 1030 1339 linquitur
1043 1239 1073 1314 dt
1087 1269 1169 1318 muns

356 1354 506 1426 dlmbenus
516 1404 526 1435 ‚
538 1350 570 1423 ἃ
583 1349 686 1449 gelidis
701 1350 816 1448 pollens
830 1349 956 1448 Ophiusa
971 1349 1097 1422 venenis.
1280 1361 1317 1447 ὓς

358 1453 582 1558 Degenerelque
593 1483 675 1532 ruunt
689 1459 787 1542 Sindi;
800 1460 1013 1558 glomerantque
1023 1483 1144 1557 paterno

360 1571 507 1654 Crimine,
519 1597 591 1643 nunc
604 1569 687 1642 etiam
699 1592 854 1642 metuentes
867 1572 981 1664 uerbera
994 1596 1106 1642 tunnas.

276 1697 281 1704 ’
360 1685 424 1753 llos
436 1681 517 1780 super
527 1697 639 1752 aeratam
653 1678 767 1751 Phalces
778 1678 836 1778 agit
846 1703 967 1776 ¹aequore
980 1680 1084 1752 nubem

361 1800 437 1869 Cum
450 1794 561 1866 fremitu
571 1825 582 1878 ς
593 1791 729 1890 densique
742 1793 835 1864 lerant
849 1791 953 1864 uexilla
967 1791 1093 1864 Corallis

360 1905 515 2008 Barluaricae
527 1912 588 2000 quis
600 1903 678 2000 dgna
689 1904 950 1999 rotae,lertaraque
960 1903 1048 1977 dorso
1272 1927 1316 1994 90

360 2023 464 2090 Forma
476 2015 572 2098 suum,
584 2040 748 2111 rtuncaeque
761 2013 839 2088 lovis
849 2013 990 2088 [urnulacra
1002 2013 1160 2086 columna:

320 2146 324 2150 ’
341 2125 347 2137 ”
361 2127 466 2200 Proelia
479 2150 532 2197 nec
544 2150 630 2195 rauco
643 2145 741 2195 curant
754 2121 907 2214 incendere
919 2147 1028 2206 cotnur

360 2237 513 2336 indigenas
525 2236 573 2307 sed
587 2234 640 2306 rire
653 2235 739 2305 duces
753 2233 783 2307 dt
798 2233 885 2332 prisea
900 2233 1012 2334 luorum
1102 2271 1104 2277 ·

360 2350 442 2422 Pado
455 2369 576 2428 canunt,
588 2367 773 2440 veterumque
786 2343 852 2416 viris
866 2341 1021 2414 hortamina
1034 2343 1137 2419 laudes.

359 2457 412 2531 dd
424 2454 472 2526 ubi
485 2451 629 2524 Sidonicas
646 2452 720 2522 inter
733 2451 820 2548 pedes
832 2473 924 2548 aequct
937 2450 1076 2533 habenam
1127 2499 1130 2506 ι
1156 2483 1158 2490 ·
1276 2478 1315 2545 95

362 2565 445 2640 illinc
458 2564 565 2661 juratos
575 2563 668 2635 lecum
684 2559 767 2634 trahit
779 2566 829 2632 AEa
841 2565 986 2634 Batetnas:

361 2678 448 2770 Quos
459 2727 470 2755 ‚
481 2674 553 2745 duce
566 2675 740 2770 Teutagono
750 2725 764 2754 ‚.
776 2672 853 2744 erudi
867 2666 945 2750 uiora
960 2663 1075 2776 corticis
1086 2693 1172 2747 armat
1181 2664 1202 2760 ,’

358 2786 529 2880 'AEquaque,
542 2805 594 2852 nec
609 2782 685 2852 ferro
697 2779 813 2852 brevior
828 2807 879 2852 nee
892 2779 998 2878 rumpia
1012 2781 1107 2878 liguo.

361 2897 424 2966 Nec
438 2892 539 2990 procul
551 2891 676 2962 albentes
688 2891 799 2988 gemina
812 2891 877 2969 ierit
888 2892 990 2990 aclyde
1004 2911 1133 2990 parmas,

352 2999 480 3078 Hiberni
494 2999 542 3097 qui
555 3014 634 3099 terga
646 3005 741 3082 Noe,
757 2988 938 3100 gelidumque
952 3000 1040 3073 securi
1261 3025 1316 3076 tou

360 3112 458 3196 Emit,
473 3111 577 3184 &tota
589 3139 649 3185 non
661 3111 739 3184 audit
754 3110 878 3185 Alauona
890 3111 965 3210 ripa:

360 3222 502 3317 Quosque
513 3224 616 3302 Taras,
630 3214 799 3316 niuequue
811 3221 888 3292 ferar
904 3219 1042 3294 Evatcltus
1057 3222 1182 3297 olorum.
1356 3301 1357 3308 q

360 3326 406 3401 Te
418 3355 535 3426 quoque
549 3330 693 3412 venantis,
708 3330 806 3429 ingens
820 3329 1091 3414 Ariasmene,leclis
1355 3363 1357 3462 q

345 3438 554 3521 Tradidetim,
567 3440 674 3514 molem
688 3439 757 3512 belli
767 3492 778 3523 ,
790 3441 903 3536 lateque
914 3440 1053 3514 ferentem

359 3549 495 3650 Undique
508 3551 625 3626 falcatos
637 3551 745 3624 delecta
759 3575 810 3650 per
820 3579 935 3652 aequora
947 3547 1054 3630 curtus.
1262 3581 1320 3647 uoq¹

307 3641 319 3682 l
358 3661 516 3761 Insequitur
529 3665 664 3739 Draueea
675 3662 816 3762 phalanx,
830 3663 1005 3764 claustrisque
1018 3664 1124 3765 prolui
