2750 4659
363 294 779 400 HISTORIA.
927 316 1045 377 xcvii

64 453 147 517 culis
165 452 328 533 perniciem
345 474 360 515 a
376 451 493 531 Junone
516 454 646 519 fabulose
664 455 763 517 scribit
784 466 908 523 creator.
937 462 1044 527 sabula

65 556 87 597 a
110 535 199 598 leone
221 538 343 600 Nemaeo
367 538 482 614 genitos
501 538 612 598 volunt.
636 536 824 615 Polygnosius
844 558 912 601 vero
933 546 1046 618 praedo.

63 638 123 681 nea
145 637 199 679 eos
217 620 301 681 fuisse
326 618 432 682 scribit.
464 619 501 682 Hi
523 619 633 680 assidue
647 636 726 679 cum
753 620 905 698 Cyzicenis
934 622 1045 688 bellum

65 699 225 779 gerebant.
255 704 367 781 Cyzicus
387 702 492 777 igitur,
514 719 580 764 cum
601 704 780 779 Argonautas
801 702 852 763 sibi
868 705 1046 781 cognatione

66 785 252 858 conjunctos
272 778 434 854 didicisset,
462 798 514 841 eoi
537 782 738 860 benignissime
762 780 885 863 suscepit
909 784 1063 865 hospitio..
1109 840 1113 851 ,

65 882 229 942 cumquea
242 863 350 941 Cyzico
369 862 482 941 digressi
500 864 589 925 essent
599 866 788 941 Argonautae,
808 869 945 941 proxima
957 874 1045 933 nodie

64 938 245 1024 tempestate
263 948 342 1019 adii,
360 946 467 1005 eodem
484 948 586 1010 reversi
603 946 685 1008 sunt:
701 964 775 1023 quos
789 946 928 1025 Cyziceni
947 950 1044 1014 hoster

65 1046 139 1088 cum
168 1027 340 1099 crederent,
363 1025 497 1093 adversus
527 1046 578 1089 eos
607 1027 820 1108 egressuplane
843 1030 1044 1095 internecione

64 1108 182 1169 sublati
204 1108 288 1182 sunt3
316 1108 391 1169 inter
416 1126 487 1185 quos
510 1107 569 1187 ipse
593 1107 716 1187 Cyzicus
743 1108 780 1168 ab
805 1108 910 1183 Jasone
932 1112 972 1173 esi
996 1114 1046 1174 in·

64 1202 231 1263 teremiuo,
246 1204 281 1251 ut
299 1192 327 1251 aa
345 1184 535 1267 Apollonius,
555 1193 584 1251 di
596 1189 725 1249 Valerius
746 1189 884 1254 scribunt.
905 1190 1044 1271 Orplieue

65 1273 112 1335 ab
127 1271 273 1344 Hercule,
293 1264 341 1331 alil
359 1291 376 1332 a
395 1271 548 1331 Dioscurir.
569 1270 638 1333 Erat
653 1271 752 1351 Cyzici
773 1276 931 1336 uirorsslire
949 1278 1045 1337 nomi·

63 1370 126 1427 tie,
155 1352 287 1430 illeropis
312 1352 430 1413 Percosii
452 1347 556 1431 Pitycae
574 1353 649 1431 regia
667 1353 753 1427 lilia,
774 1371 806 1412 ur
828 1368 945 1417 narrant
970 1357 1045 1419 Dei·

64 1434 177 1495 lochue
209 1432 404 1511 &Ephoruai
418 1450 489 1511 pua
508 1448 575 1495 tuni
600 1434 695 1495 virum
721 1434 893 1501 exstinetam
911 1440 1043 1513 rideret,

66 1516 184 1579 doloris
201 1516 354 1593 impatiens
370 1514 522 1595 suspendio
533 1516 622 1576 vitam
644 1514 755 1588 sinivit,
774 1532 807 1577 ut
821 1522 849 1579 ἃ
867 1518 1042 1596 Apolloniae

63 1599 144 1739 lifiro
162 1595 350 1741 {pls'irplieur
367 1600 400 1658 iii
421 1596 637 1677 Argonauticii,
660 1600 688 1660 da
710 1598 872 1676 Euanthes,
896 1604 924 1664 δι
944 1601 1046 1665 Deilo-
1101 1629 1105 1640 *

66 1698 144 1742 cus
175 1696 215 1739 cri
239 1690 300 1740 unt.

172 1828 213 1915 ·
283 1844 331 1904 De
342 1797 465 1906 ‘minure
483 1842 520 1903 ab
539 1842 711 1925 Argonautis
730 1841 825 1905 relitio.
880 1882 886 1894 ·

111 1998 196 2065 Hinc
211 2000 405 2079 Argonauta,
420 2000 504 2076 justis
517 1998 627 2080 Cyzico
649 2000 768 2074 solutis,
785 2002 823 2062 ad
843 1996 973 2079 llsyaiain
990 2016 1042 2064 na·
1086 2013 1105 2026 ‘

67 2085 226 2162 rigarunt,
242 2082 293 2143 ulii
308 2082 404 2161 Hylas
419 2081 556 2159 aquatum
570 2082 709 2160 egressos,
725 2095 759 2143 ut
769 2077 916 2161 diximus,
928 2086 960 2145 in
975 2084 1041 2148 soii·

68 2178 131 2227 teni
151 2164 278 2229 decidit:
300 2182 388 2239 quem
404 2180 472 2225 cum
491 2164 632 2227 Herculei
650 2165 825 2241 inquirendo
842 2178 941 2225 totum
957 2186 1041 2227 mon·

69 2263 133 2309 tem
155 2244 366 2327 perlustrasset,
382 2246 497 2325 diuque.
509 2244 689 2323 exspectatus
705 2264 766 2306 non
787 2245 912 2307 rediisset
923 2275 940 2319 ,·
950 2248 1043 2325 Argo*-

67 2342 167 2391 nautae
182 2326 399 2389 morediutina
409 2324 617 2405 impatientes,
632 2327 873 2399 restituemur
886 2328 1039 2402 fecerunt,
1074 2385 1077 2390 ⁴

67 2426 103 2473 ut
124 2416 154 2473 dr
173 2408 365 2487 Apollonius,
392 2412 425 2471 &¹
441 2408 571 2475 Valerius
598 2410 735 2471 scribunt
747 2453 749 2458 -
763 2409 1042 2489 Dionysiustaiiien

68 2492 257 2571 Mitylenaeos
276 2492 313 2552 ad
338 2486 466 2553 Colchos
490 2489 683 2569 usqueeum·
697 2493 871 2569 Argonautis
897 2491 1041 2570 navigasse

65 2574 204 2636 affirmat.
225 2572 309 2634 Idem
322 2573 418 2633 etiam
438 2573 618 2634 Demaratus.
638 2573 720 2649 quod
740 2576 769 2633 sir
792 2573 938 2634 Diodorus
963 2572 1042 2635 assir-

68 2675 154 2717 mare
165 2654 288 2717 videtur.
308 2652 451 2715 Hesiodus
467 2655 584 2719 veroin
602 2651 827 2731 Ceicis‘nuptiii
838 2656 870 2714 in
891 2653 1041 2731 Magnesia

69 2738 213 2799 relicium
226 2734 334 2797 scribit.
352 2732 545 2796 Antimachus
554 2734 589 2795 in
601 2736 697 2812 Lyde,
711 2752 747 2795 eo
768 2737 849 2810 quod
864 2734 951 2811 ipsius
970 2753 1041 2805 oae-
1071 2731 1074 2742 '

69 2838 103 2880 re
117 2836 222 2881 navem
238 2826 382 2895 gravatam
405 2814 646 2894 submergendam
661 2816 823 2889 timebant,
840 2815 972 2877 relietum
984 2819 1037 2879 ait.

70 2901 152 2978 quod
169 2897 396 2975 &Posidippum
415 2898 634 2977 &Pherecydes
653 2896 765 2959 dictinii
778 2896 928 2975 Ephorus,
945 2898 1041 2974 ipsum

68 2982 121 3047 sua
129 2981 232 3063 sponte
241 2978 504 3062 apudOmphalem
514 2978 613 3061 Lydia
625 2980 754 3070 reginam
763 2978 903 3057 mansisse,
912 2980 1043 3052 testatur,

443 3108 668 3208 'De'Plririen‘
1002 3233 1004 3238 .

66 3252 69 3270 ’
114 3280 286 3358 Argonauta
309 3294 377 3339 vero
392 3252 438 3343 ‚ad
462 3273 627 3354 Bithyniam
653 3271 849 3359 appulerunt,
868 3267 919 3334 ubi
935 3272 1041 3335 Pollux
1116 3265 1122 3297 “

70 3360 219 3441 Amycum
241 3379 339 3435 regem
362 3359 491 3421 callibus
511 3358 620 3421 virtum
640 3356 834 3418 obtmncavit.
863 3355 941 3417 llinc
959 3357 1041 3417 navi-

94 3458 176 3508 antes
198 3442 236 3505 ad
261 3442 403 3525 Phineum
429 3458 529 3521 regent
557 3453 770 3517 pervenerunt,
797 3438 921 3517 ilgeonis
938 3436 1040 3499 secun·

70 3466 147 3596 duni
167 3522 355 3587 Hellanicum
368 3523 482 3603 filiun,
501 3534 530 3584 at
544 3522 688 3597 Hesiodo,
707 3519 893 3597 Asclepiade,
908 3522 1041 3581 Antinia-

70 3607 153 3682 cho,
180 3611 207 3669 ἃ
233 3602 398 3683 Pherecyde
423 3604 615 3679 testantibuS,
643 3603 791 3667 Phoenicis
816 3605 843 3665 ἃ
872 3601 1040 3675 Cassiopea.

69 3690 160 3755 Hunc
182 3689 308 3767 quidam,
326 3690 362 3763 iii,
378 3685 596 3767 Paphlagonia,
622 3684 671 3749 alii
696 3686 727 3758 iii
751 3680 931 3765 Salmydesso
948 3678 1040 3746 Tlira.

119 3776 197 3853 Vas.
214 3774 358 3849 Flaccus.
860 3792 883 3865 g
