2750 4659
356 300 443 361 xcu

696 397 703 456 l

385 506 827 599 Ancousuucm
861 462 1266 612 uxuummoms

350 714 579 783 HISTORIA
599 718 622 781 A
643 717 915 796 LAURENTIO
935 717 1083 785 BALBO
1105 716 1316 783 LlllENSl

305 919 307 929 .
415 876 615 926 sununs
639 876 981 929 sculu‘rouluus
1002 880 1249 929 Excuxu‘rs.

501 1128 512 1169 t

591 1220 702 1303 lasonis
726 1221 754 1281 la
776 1218 876 1281 Phrixi
897 1216 1067 1303 genealogia.

344 1340 558 1481 QUATUokt
569 1413 688 1479 fuerunt
710 1415 912 1477 Deucaliones:
930 1433 1006 1476 unus
1028 1412 1141 1475 Minois
1155 1410 1255 1487 filium
1266 1410 1312 1475 'cle
1362 1485 1363 1492 ἵ

344 1514 402 1569 quo
415 1493 609 1574 Pherecydes;
629 1495 719 1571 alter,
738 1496 775 1556 de
794 1514 853 1573 quo
868 1488 1040 1559 Hellanicus
1050 1515 1060 1568 3
1072 1496 1172 1557 tertius
1188 1495 1310 1557 Abantis

293 1624 297 1631 .
344 1575 439 1651 filius,
466 1577 585 1654 dequo
611 1578 770 1655 Aristippus
795 1577 825 1636 in
851 1576 998 1639 Arcadicis
1026 1576 1204 1636 mentionem
1225 1576 1308 1638 fucit.

344 1670 462 1735 quattus
481 1678 549 1721 vero
570 1659 704 1721 omnium
732 1657 942 1735 antiquiffimus
963 1675 1000 1717 ex
1017 1655 1189 1719 Prometheo
1209 1656 1309 1734 lapeti

345 1738 428 1812 filio,
448 1742 476 1801 ἃ
494 1737 625 1803 Pandora
644 1751 749 1814 natm,
767 1750 800 1801 ut
818 1738 916 1800 scribit
935 1736 1094 1812 Hesiodus,
1110 1739 1160 1815 qui
1175 1740 1310 1821 primus,

343 1819 500 1899 Apollonio
520 1820 707 1894 testemthes
723 1820 875 1893 condidit,
886 1820 1011 1882 lit-ades
1028 1817 1156 1879 Deorum
1176 1820 1306 1880 consttu-

344 1902 410 1975 xit,
431 1902 597 1980 primusque
622 1905 755 1964 omnium
779 1901 943 1966 mortalium
962 1900 1098 1979 regnavit
1127 1900 1156 1962 Is
1173 1903 1309 1983 Pyrrham

342 1981 506 2059 Epimethei
522 1982 612 2044 filiam
629 2002 749 2061 uxorem
761 1984 863 2058 duxit,
874 1997 906 2048 ut
916 1983 1032 2044 testatur
1047 1981 1188 2043 Hesiodus
1203 1982 1235 2042 in
1246 1982 1308 2059 pri·
1362 2026 1363 2053 t

342 2080 393 2123 mo
409 2061 581 2139 catalogum
597 2064 634 2126 de
654 2058 737 2141 cujus¹
757 2065 875 2126 nomine
893 2075 955 2125 toto
966 2061 1112 2127 Thessalia
1128 2061 1235 2141 Pyrrha
1251 2053 1308 2124 fuit
1362 2061 1363 2110 ἓ

343 2144 444 2223 dicta,
462 2144 481 2205 fi
504 2143 621 2207 Rhiano
636 2158 731 2224 poetae
745 2146 844 2211 Graeco
860 2146 933 2209 fides
950 2144 1085 2206 habenda
1099 2144 1159 2218 est,
1178 2144 1308 2221 dicenti,

423 2276 426 2283 ,
460 2225 574 2309 nilion
592 2224 707 2291 linens
725 2222 819 2312 sirpe
839 2228 1029 2309 παλαιότεροι
1047 2225 1230 2306 sasiacum,

461 2306 573 2392 Πύρῥης
586 2310 785 2373 Δευκαλίωνος
807 2308 862 2371 ἀπ’
878 2308 1008 2393 ἀρχαίης
1022 2306 1156 2389 inipetu.

460 2390 635 2469 Accipimus,
650 2393 746 2471 priscis
763 2392 832 2449 lianc
848 2391 983 2471 Pyrrham
1002 2391 1106 2451 nomine
1125 2390 1239 2464 difflatu,
1361 2435 1362 2470 ἒ

461 2470 586 2551 Antiqua
607 2473 713 2549 antiqui
732 2474 765 2531 de
785 2469 894 2553 conjuge
910 2470 1099 2532 Deucalionis.
1361 2481 1362 2492 ¹

342 2548 421 2613 unde
438 2550 526 2610 etiam
547 2550 596 2627 qui
613 2570 649 2612 ex
668 2550 855 2613 Deucalionis
876 2556 980 2629 genere
1002 2552 1137 2625 fuerunt,
1154 2547 1306 2613 Thelialiae

340 2649 464 2709 regnum
488 2644 622 2709 tenuere,
645 2646 678 2694 ut
692 2632 823 2694 scribunt
842 2633 1003 2705 Hesiodus,
1025 2636 1054 2695 ἃ
1078 2633 1236 2695 Hecataeus.
1260 2632 1305 2693 En

342 2712 611 2775 Deucalionesnatus
632 2714 671 2775 est
687 2716 803 2788 Helian,
818 2732 855 2775 ex
871 2713 929 2775 hoc
947 2705 1068 2788 AEolus,
1084 2716 1135 2789 qui
1150 2725 1306 2774 ventorum

320 2864 327 2869 ,
341 2795 483 2855 rationem
507 2794 644 2855 invenille
661 2796 791 2868 dicitur,
807 2808 839 2855 ut
855 2797 944 2857 tradit
960 2795 1067 2857 Plinius
1083 2794 1135 2857 Vll
1158 2794 1305 2855 Naturalis
1356 2793 1361 2870 t]

340 2874 463 2936 historiae
481 2873 565 2936 libro,
583 2876 626 2937 Ab
638 2875 700 2940 aliis
718 2890 816 2937 tamen
828 2875 901 2939 alius
912 2877 1104 2947 existimatur,
1122 2874 1228 2951 quibus
1245 2894 1305 2935 ma·

340 2956 385 3033 gis
401 2958 518 3016 accedo.
536 2956 608 3019 Tres
625 2959 703 3018 enim
722 2959 840 3019 fuerunt
857 2960 962 3035 AEoli:
979 2974 1075 3035 uuus,
1091 2954 1186 3032 quiin
1204 2954 1306 3017 insulis

341 3057 359 3098 a
374 3036 403 3097 se
421 3036 615 3099 denominatis
627 3040 773 3117 regnavit,
783 3052 869 3117 atque
885 3058 922 3101 ex
939 3056 1037 3098 earum
1051 3036 1135 3095 fumo
1150 3049 1304 3099 ventorum

339 3117 466 3179 sationes
481 3117 693 3197 deprehendit,
713 3119 805 3196 alter,
827 3120 923 3199 quiin
941 3118 1074 3181 Hetturia
1089 3118 1236 3193 regnavit,
1255 3139 1303 3180 cu·

339 3201 387 3275 jus
400 3198 452 3259 filii
471 3201 589 3262 fuemnt
598 3204 780 3264 Macareus&
793 3205 893 3265 Canace
901 3226 915 3275 ;
931 3199 1033 3260 tertius
1050 3216 1117 3259 vero
1136 3197 1184 3258 hic
1203 3198 1302 3262 Helle·
1359 3215 1360 3254 l

214 3308 216 3313 ·
340 3280 387 3340 nis
411 3280 496 3342 lilius.
524 3283 572 3342 cui
591 3294 648 3343 tres
668 3284 785 3344 fuerunt
809 3282 912 3354 liberi,
934 3281 1074 3353 cuneus,
1098 3280 1255 3355 Atianos,
1275 3284 1304 3343 lt

340 3359 507 3424 Salmoneus.
531 3362 686 3425 &Crethei
701 3364 822 3439 quidem
840 3361 916 3422 filius
933 3359 990 3419 fuit
1001 3363 1112 3442 AEfim,
1128 3360 1243 3434 Jusonis
1254 3382 1304 3439 pa·

342 3457 397 3502 ter.
420 3442 566 3506 Salmonei
580 3457 677 3505 autem
697 3444 757 3504 filia
772 3442 829 3503 luit
841 3442 937 3520 Tyro,
952 3460 1015 3517 quae
1029 3442 1107 3520 ptius
1119 3441 1243 3503 Cretheu
1254 3463 1304 3521 pa.

341 3535 408 3584 truo
424 3536 535 3602 nupta,
548 3528 592 3587 AE
603 3547 677 3586 onam
696 3542 784 3598 eum,
800 3540 885 3601 quem
901 3520 1013 3598 Jasonis
1027 3535 1136 3601 patrem
1155 3524 1303 3596 diximus,

341 3606 530 3683 Pheneumque
550 3608 573 3667 A
596 3606 666 3665 meti
688 3617 821 3681 patrem,
848 3606 876 3666 ἃ
897 3605 1094 3685 Amythaonem
1115 3607 1247 3681 peperit,
1266 3624 1303 3666 en

341 3704 399 3763 quo
420 3688 448 3751 &
466 3688 596 3767 Dorippe
615 3696 699 3749 natus
721 3686 762 3750 est
778 3687 930 3769 Melampus
950 3700 1047 3767 uates,
1064 3704 1098 3750 ut
1113 3684 1210 3749 scribit
1224 3685 1309 3761 Deli,
1358 3697 1359 3724 ¹
