<?xml version="1.0" encoding="UTF-8"?>
<!DOCTYPE html PUBLIC "-//W3C//DTD XHTML 1.0 Transitional//EN"
    "http://www.w3.org/TR/xhtml1/DTD/xhtml1-transitional.dtd">
<html xmlns="http://www.w3.org/1999/xhtml" xml:lang="en" lang="en">
 <head>
  <title>
</title>
<meta http-equiv="Content-Type" content="text/html;charset=utf-8" />
  <meta name='ocr-system' content='tesseract 3.04.00' />
  <meta name='ocr-capabilities' content='ocr_page ocr_carea ocr_par ocr_line ocrx_word'/>
</head>
<body>
  <div class='ocr_page' id='page_1' title='image "./cvaleriiflaccia00flacgoog_0102.png"; bbox 0 0 2750 4659; ppageno 0'>
   <div class='ocr_carea' id='block_1_1' title="bbox 645 35 756 83">
    <p class='ocr_par' dir='ltr' id='par_1_1' title="bbox 645 35 756 83">
     <span class='ocr_line' id='line_1_1' title="bbox 645 35 756 83; baseline -0.009 -6"><span class='ocrx_word' id='word_1_1' title='bbox 645 77 648 83; x_wconf 70' lang='lat'><em>,</em></span> <span class='ocrx_word' id='word_1_2' title='bbox 739 35 756 76; x_wconf 81' lang='grc' dir='ltr'><strong><em>Ι</em></strong></span> 
     </span>
    </p>
   </div>
   <div class='ocr_carea' id='block_1_2' title="bbox 333 317 1032 396">
    <p class='ocr_par' dir='ltr' id='par_1_2' title="bbox 333 317 1032 396">
     <span class='ocr_line' id='line_1_2' title="bbox 333 317 1032 396; baseline 0.003 -2"><span class='ocrx_word' id='word_1_3' title='bbox 333 317 735 394; x_wconf 69' lang='lat' dir='ltr'>HISTORIA.</span> <span class='ocrx_word' id='word_1_4' title='bbox 907 339 1032 396; x_wconf 78' lang='lat' dir='ltr'>-xcv</span> 
     </span>
    </p>
   </div>
   <div class='ocr_carea' id='block_1_3' title="bbox 58 476 1035 644">
    <p class='ocr_par' dir='ltr' id='par_1_3' title="bbox 58 476 1035 644">
     <span class='ocr_line' id='line_1_3' title="bbox 58 476 1035 567; baseline -0.001 -21"><span class='ocrx_word' id='word_1_5' title='bbox 58 488 116 548; x_wconf 73' lang='lat' dir='ltr'>anr&#39;</span> <span class='ocrx_word' id='word_1_6' title='bbox 129 476 331 567; x_wconf 63' lang='lat' dir='ltr'>mpocrririe:</span> <span class='ocrx_word' id='word_1_7' title='bbox 350 482 400 543; x_wconf 86' lang='lat' dir='ltr'>obi</span> <span class='ocrx_word' id='word_1_8' title='bbox 420 482 577 556; x_wconf 79' lang='lat' dir='ltr'><strong>interpres,</strong></span> <span class='ocrx_word' id='word_1_9' title='bbox 592 482 679 562; x_wconf 69' lang='lat' dir='ltr'>nepe</span> <span class='ocrx_word' id='word_1_10' title='bbox 690 478 742 542; x_wconf 77' lang='lat' dir='ltr'>air</span> <span class='ocrx_word' id='word_1_11' title='bbox 752 479 832 540; x_wconf 72' lang='grc' dir='ltr'><strong><em>ΐοισιν</em></strong></span> <span class='ocrx_word' id='word_1_12' title='bbox 841 489 977 544; x_wconf 84' lang='lat' dir='ltr'>vocatum</span> <span class='ocrx_word' id='word_1_13' title='bbox 990 483 1035 545; x_wconf 92' lang='lat' dir='ltr'>di·</span> 
     </span>
     <span class='ocr_line' id='line_1_4' title="bbox 58 559 904 644; baseline -0.008 -15"><span class='ocrx_word' id='word_1_14' title='bbox 58 568 114 643; x_wconf 86' lang='lat' dir='ltr'>cit,</span> <span class='ocrx_word' id='word_1_15' title='bbox 135 565 226 644; x_wconf 89' lang='lat' dir='ltr'>quod</span> <span class='ocrx_word' id='word_1_16' title='bbox 244 564 333 626; x_wconf 85' lang='lat' dir='ltr'>etiam</span> <span class='ocrx_word' id='word_1_17' title='bbox 350 563 479 642; x_wconf 72' lang='lat' dir='ltr'>Apollini</span> <span class='ocrx_word' id='word_1_18' title='bbox 493 560 726 624; x_wconf 82' lang='lat' dir='ltr'><strong>Commentarius</strong></span> <span class='ocrx_word' id='word_1_19' title='bbox 743 559 904 622; x_wconf 86' lang='lat' dir='ltr'>confirmat.</span> 
     </span>
    </p>
   </div>
   <div class='ocr_carea' id='block_1_4' title="bbox 96 707 1034 915">
    <p class='ocr_par' dir='ltr' id='par_1_4' title="bbox 96 707 1034 915">
     <span class='ocr_line' id='line_1_5' title="bbox 435 707 929 792; baseline -0.002 -24"><span class='ocrx_word' id='word_1_20' title='bbox 435 708 481 768; x_wconf 85' lang='lat' dir='ltr'>De</span> <span class='ocrx_word' id='word_1_21' title='bbox 505 707 586 769; x_wconf 76' lang='lat' dir='ltr'>Pelia</span> <span class='ocrx_word' id='word_1_22' title='bbox 604 727 667 788; x_wconf 80' lang='lat' dir='ltr'>rege.</span> <span class='ocrx_word' id='word_1_23' title='bbox 925 784 929 792; x_wconf 63' lang='lat'>.</span> 
     </span>
     <span class='ocr_line' id='line_1_6' title="bbox 96 831 1034 915; baseline 0.001 -19"><span class='ocrx_word' id='word_1_24' title='bbox 96 837 222 913; x_wconf 77' lang='lat' dir='ltr'><em>Pelias,</em></span> <span class='ocrx_word' id='word_1_25' title='bbox 241 847 274 898; x_wconf 90' lang='lat' dir='ltr'>ut</span> <span class='ocrx_word' id='word_1_26' title='bbox 292 837 439 913; x_wconf 80' lang='lat' dir='ltr'>vidimus,</span> <span class='ocrx_word' id='word_1_27' title='bbox 458 835 587 915; x_wconf 82' lang='lat' dir='ltr'>Neptuni</span> <span class='ocrx_word' id='word_1_28' title='bbox 608 855 644 897; x_wconf 83' lang='lat' dir='ltr'>ex</span> <span class='ocrx_word' id='word_1_29' title='bbox 663 835 745 914; x_wconf 82' lang='lat' dir='ltr'>Tyro</span> <span class='ocrx_word' id='word_1_30' title='bbox 770 831 918 898; x_wconf 81' lang='lat' dir='ltr'>Salmonei</span> <span class='ocrx_word' id='word_1_31' title='bbox 937 831 1034 914; x_wconf 83' lang='lat' dir='ltr'>filius,</span> 
     </span>
    </p>
   </div>
   <div class='ocr_carea' id='block_1_5' title="bbox 55 915 1117 2634">
    <p class='ocr_par' dir='ltr' id='par_1_5' title="bbox 55 915 1117 2634">
     <span class='ocr_line' id='line_1_7' title="bbox 58 915 1034 997; baseline 0 -18"><span class='ocrx_word' id='word_1_32' title='bbox 58 935 202 995; x_wconf 86' lang='lat' dir='ltr'>magnam</span> <span class='ocrx_word' id='word_1_33' title='bbox 225 917 375 981; x_wconf 86' lang='lat' dir='ltr'>Thelialiae</span> <span class='ocrx_word' id='word_1_34' title='bbox 398 931 507 997; x_wconf 90' lang='lat' dir='ltr'>partem</span> <span class='ocrx_word' id='word_1_35' title='bbox 534 919 646 979; x_wconf 83' lang='lat' dir='ltr'>ditione</span> <span class='ocrx_word' id='word_1_36' title='bbox 665 917 769 978; x_wconf 88' lang='lat' dir='ltr'>tenuit.</span> <span class='ocrx_word' id='word_1_37' title='bbox 800 915 904 978; x_wconf 88' lang='lat' dir='ltr'>Filium</span> <span class='ocrx_word' id='word_1_38' title='bbox 932 915 1034 979; x_wconf 89' lang='lat' dir='ltr'>habuit</span> 
     </span>
     <span class='ocr_line' id='line_1_8' title="bbox 56 996 1034 1081; baseline 0 -23"><span class='ocrx_word' id='word_1_39' title='bbox 56 1002 214 1081; x_wconf 76' lang='lat' dir='ltr'>Acastum,</span> <span class='ocrx_word' id='word_1_40' title='bbox 233 1003 283 1076; x_wconf 86' lang='lat' dir='ltr'>qui</span> <span class='ocrx_word' id='word_1_41' title='bbox 305 1004 481 1078; x_wconf 78' lang='lat' dir='ltr'>Argonautas</span> <span class='ocrx_word' id='word_1_42' title='bbox 496 1001 653 1060; x_wconf 80' lang='lat' dir='ltr'>comitatus</span> <span class='ocrx_word' id='word_1_43' title='bbox 668 998 727 1072; x_wconf 86' lang='lat' dir='ltr'>est,</span> <span class='ocrx_word' id='word_1_44' title='bbox 739 996 895 1062; x_wconf 86' lang='lat' dir='ltr'>secundum</span> <span class='ocrx_word' id='word_1_45' title='bbox 915 998 1034 1076; x_wconf 85' lang='lat' dir='ltr'>Apollo-</span> 
     </span>
     <span class='ocr_line' id='line_1_9' title="bbox 58 1077 1033 1160; baseline 0.001 -20"><span class='ocrx_word' id='word_1_46' title='bbox 58 1081 141 1141; x_wconf 90' lang='lat' dir='ltr'>nium</span> <span class='ocrx_word' id='word_1_47' title='bbox 160 1085 191 1142; x_wconf 74' lang='lat' dir='ltr'>St</span> <span class='ocrx_word' id='word_1_48' title='bbox 213 1081 369 1144; x_wconf 85' lang='lat' dir='ltr'>Valerium.</span> <span class='ocrx_word' id='word_1_49' title='bbox 389 1082 525 1160; x_wconf 83' lang='lat' dir='ltr'>Orpheus</span> <span class='ocrx_word' id='word_1_50' title='bbox 546 1079 657 1140; x_wconf 89' lang='lat' dir='ltr'>nullam</span> <span class='ocrx_word' id='word_1_51' title='bbox 677 1080 715 1139; x_wconf 90' lang='lat' dir='ltr'>de</span> <span class='ocrx_word' id='word_1_52' title='bbox 736 1077 836 1138; x_wconf 84' lang='lat' dir='ltr'>Acasto</span> <span class='ocrx_word' id='word_1_53' title='bbox 855 1081 1033 1142; x_wconf 88' lang='lat' dir='ltr'>mentionem</span> 
     </span>
     <span class='ocr_line' id='line_1_10' title="bbox 56 1155 1038 1241; baseline 0.002 -20"><span class='ocrx_word' id='word_1_54' title='bbox 56 1161 135 1223; x_wconf 77' lang='lat' dir='ltr'>facit.</span> <span class='ocrx_word' id='word_1_55' title='bbox 156 1163 312 1225; x_wconf 80' lang='lat' dir='ltr'>Diodorus</span> <span class='ocrx_word' id='word_1_56' title='bbox 333 1183 449 1241; x_wconf 91' lang='lat' dir='ltr'>quoque</span> <span class='ocrx_word' id='word_1_57' title='bbox 466 1163 496 1221; x_wconf 88' lang='lat' dir='ltr'>in</span> <span class='ocrx_word' id='word_1_58' title='bbox 513 1162 546 1234; x_wconf 81' lang='lat' dir='ltr'>V,</span> <span class='ocrx_word' id='word_1_59' title='bbox 560 1158 694 1221; x_wconf 80' lang='lat' dir='ltr'>masculis</span> <span class='ocrx_word' id='word_1_60' title='bbox 710 1157 777 1220; x_wconf 86' lang='lat' dir='ltr'>filiis</span> <span class='ocrx_word' id='word_1_61' title='bbox 794 1155 900 1220; x_wconf 81' lang='lat' dir='ltr'>Peliam</span> <span class='ocrx_word' id='word_1_62' title='bbox 918 1161 1038 1223; x_wconf 77' lang='lat' dir='ltr'>caruisse</span> 
     </span>
     <span class='ocr_line' id='line_1_11' title="bbox 56 1241 1034 1321; baseline 0.001 -20"><span class='ocrx_word' id='word_1_63' title='bbox 56 1241 166 1304; x_wconf 81' lang='lat' dir='ltr'>scribit.</span> <span class='ocrx_word' id='word_1_64' title='bbox 205 1243 293 1306; x_wconf 86' lang='lat' dir='ltr'>Filias</span> <span class='ocrx_word' id='word_1_65' title='bbox 319 1243 422 1305; x_wconf 88' lang='lat' dir='ltr'>habuit</span> <span class='ocrx_word' id='word_1_66' title='bbox 442 1243 586 1321; x_wconf 68' lang='lat' dir='ltr'>Alcestim,</span> <span class='ocrx_word' id='word_1_67' title='bbox 608 1241 818 1321; x_wconf 76' lang='lat' dir='ltr'>Amphinomu,</span> <span class='ocrx_word' id='word_1_68' title='bbox 836 1243 863 1303; x_wconf 85' lang='lat'>&amp;</span> <span class='ocrx_word' id='word_1_69' title='bbox 881 1241 1034 1318; x_wconf 80' lang='lat' dir='ltr'>Euadnen,</span> 
     </span>
     <span class='ocr_line' id='line_1_12' title="bbox 57 1321 1034 1404; baseline 0.002 -22"><span class='ocrx_word' id='word_1_70' title='bbox 57 1325 227 1402; x_wconf 86' lang='lat' dir='ltr'>dequibus</span> <span class='ocrx_word' id='word_1_71' title='bbox 248 1326 328 1386; x_wconf 88' lang='lat' dir='ltr'>idem</span> <span class='ocrx_word' id='word_1_72' title='bbox 346 1325 450 1384; x_wconf 88' lang='lat' dir='ltr'>eodem</span> <span class='ocrx_word' id='word_1_73' title='bbox 466 1321 551 1384; x_wconf 90' lang='lat' dir='ltr'>libro.</span> <span class='ocrx_word' id='word_1_74' title='bbox 567 1322 678 1386; x_wconf 88' lang='lat' dir='ltr'>Habuit</span> <span class='ocrx_word' id='word_1_75' title='bbox 699 1325 726 1384; x_wconf 66' lang='grc' dir='ltr'><strong>ἃ</strong></span> <span class='ocrx_word' id='word_1_76' title='bbox 745 1321 908 1404; x_wconf 66' lang='lat' dir='ltr'>Pelopeum,</span> <span class='ocrx_word' id='word_1_77' title='bbox 922 1322 960 1382; x_wconf 90' lang='lat' dir='ltr'>de</span> <span class='ocrx_word' id='word_1_78' title='bbox 977 1341 1034 1400; x_wconf 82' lang='lat' dir='ltr'>qua</span> 
     </span>
     <span class='ocr_line' id='line_1_13' title="bbox 56 1402 1034 1482; baseline 0 -16"><span class='ocrx_word' id='word_1_79' title='bbox 56 1405 241 1482; x_wconf 71' lang='lat' dir='ltr'>Apollonius</span> <span class='ocrx_word' id='word_1_80' title='bbox 265 1407 294 1467; x_wconf 88' lang='lat' dir='ltr'>in</span> <span class='ocrx_word' id='word_1_81' title='bbox 312 1404 336 1467; x_wconf 89' lang='lat'>1.</span> <span class='ocrx_word' id='word_1_82' title='bbox 365 1405 393 1466; x_wconf 84' lang='lat' dir='ltr'>ls</span> <span class='ocrx_word' id='word_1_83' title='bbox 415 1423 483 1466; x_wconf 89' lang='lat' dir='ltr'>cum</span> <span class='ocrx_word' id='word_1_84' title='bbox 506 1405 609 1466; x_wconf 83' lang='lat' dir='ltr'>sortem</span> <span class='ocrx_word' id='word_1_85' title='bbox 632 1403 802 1481; x_wconf 79' lang='lat' dir='ltr'>accepisset,</span> <span class='ocrx_word' id='word_1_86' title='bbox 823 1403 851 1464; x_wconf 87' lang='lat' dir='ltr'>se</span> <span class='ocrx_word' id='word_1_87' title='bbox 870 1402 949 1464; x_wconf 87' lang='lat' dir='ltr'>illius</span> <span class='ocrx_word' id='word_1_88' title='bbox 974 1425 1034 1466; x_wconf 87' lang='lat' dir='ltr'>ma·</span> 
     </span>
     <span class='ocr_line' id='line_1_14' title="bbox 55 1484 1034 1565; baseline 0.004 -19"><span class='ocrx_word' id='word_1_89' title='bbox 55 1489 144 1548; x_wconf 87' lang='lat' dir='ltr'>nibus</span> <span class='ocrx_word' id='word_1_90' title='bbox 160 1491 355 1558; x_wconf 78' lang='lat' dir='ltr'>moriturum,</span> <span class='ocrx_word' id='word_1_91' title='bbox 374 1506 461 1564; x_wconf 85' lang='lat' dir='ltr'>quem</span> <span class='ocrx_word' id='word_1_92' title='bbox 478 1484 567 1547; x_wconf 86' lang='lat' dir='ltr'>altero</span> <span class='ocrx_word' id='word_1_93' title='bbox 584 1487 658 1565; x_wconf 87' lang='lat' dir='ltr'>pede</span> <span class='ocrx_word' id='word_1_94' title='bbox 675 1486 757 1547; x_wconf 89' lang='lat' dir='ltr'>nudo</span> <span class='ocrx_word' id='word_1_95' title='bbox 771 1485 808 1548; x_wconf 91' lang='lat' dir='ltr'>ad</span> <span class='ocrx_word' id='word_1_96' title='bbox 825 1484 853 1546; x_wconf 91' lang='lat' dir='ltr'>se</span> <span class='ocrx_word' id='word_1_97' title='bbox 870 1486 1034 1550; x_wconf 86' lang='lat' dir='ltr'>venientem</span> 
     </span>
     <span class='ocr_line' id='line_1_15' title="bbox 56 1559 1117 1645; baseline 0.001 -17"><span class='ocrx_word' id='word_1_98' title='bbox 56 1569 200 1641; x_wconf 71' lang='lat' dir='ltr'>vidisset,</span> <span class='ocrx_word' id='word_1_99' title='bbox 213 1559 405 1645; x_wconf 85' lang='lat' dir='ltr'>o&#39;mnibuique</span> <span class='ocrx_word' id='word_1_100' title='bbox 420 1566 496 1642; x_wconf 80' lang='lat' dir='ltr'>Diis,</span> <span class='ocrx_word' id='word_1_101' title='bbox 510 1568 629 1642; x_wconf 87' lang='lat' dir='ltr'>Junone</span> <span class='ocrx_word' id='word_1_102' title='bbox 648 1579 785 1642; x_wconf 84' lang='lat' dir='ltr'>excepta,</span> <span class='ocrx_word' id='word_1_103' title='bbox 803 1565 942 1628; x_wconf 87' lang='lat' dir='ltr'>solemnia</span> <span class='ocrx_word' id='word_1_104' title='bbox 957 1567 1034 1630; x_wconf 88' lang='lat' dir='ltr'>forte</span> <span class='ocrx_word' id='word_1_105' title='bbox 1114 1599 1117 1605; x_wconf 42' lang='lat' dir='ltr'>v</span> 
     </span>
     <span class='ocr_line' id='line_1_16' title="bbox 56 1646 1032 1724; baseline 0.002 -16"><span class='ocrx_word' id='word_1_106' title='bbox 56 1647 138 1710; x_wconf 88' lang='lat' dir='ltr'>sacra</span> <span class='ocrx_word' id='word_1_107' title='bbox 156 1650 290 1722; x_wconf 76' lang='lat' dir='ltr'>faceret,</span> <span class='ocrx_word' id='word_1_108' title='bbox 311 1648 398 1724; x_wconf 77' lang='lat' dir='ltr'>‚lason</span> <span class='ocrx_word' id='word_1_109' title='bbox 415 1649 452 1709; x_wconf 89' lang='lat' dir='ltr'>ad</span> <span class='ocrx_word' id='word_1_110' title='bbox 471 1647 547 1711; x_wconf 88' lang='lat' dir='ltr'>sacra</span> <span class='ocrx_word' id='word_1_111' title='bbox 562 1648 691 1722; x_wconf 86' lang='lat' dir='ltr'>festinat,</span> <span class='ocrx_word' id='word_1_112' title='bbox 712 1646 857 1722; x_wconf 90' lang='lat' dir='ltr'>Junonem</span> <span class='ocrx_word' id='word_1_113' title='bbox 873 1646 962 1710; x_wconf 87' lang='lat' dir='ltr'>Deam</span> <span class='ocrx_word' id='word_1_114' title='bbox 979 1647 1032 1710; x_wconf 92' lang='lat' dir='ltr'>sub</span> 
     </span>
     <span class='ocr_line' id='line_1_17' title="bbox 55 1729 1034 1808; baseline 0.003 -19"><span class='ocrx_word' id='word_1_115' title='bbox 55 1731 167 1791; x_wconf 83' lang='lat' dir='ltr'>vetulae</span> <span class='ocrx_word' id='word_1_116' title='bbox 181 1729 306 1808; x_wconf 72' lang='lat' dir='ltr'>spetiem</span> <span class='ocrx_word' id='word_1_117' title='bbox 318 1732 347 1790; x_wconf 89' lang='lat' dir='ltr'>in</span> <span class='ocrx_word' id='word_1_118' title='bbox 358 1732 536 1808; x_wconf 72' lang='lat' dir='ltr'>Anauriripa</span> <span class='ocrx_word' id='word_1_119' title='bbox 552 1732 684 1802; x_wconf 86' lang='lat' dir='ltr'>invenit,</span> <span class='ocrx_word' id='word_1_120' title='bbox 695 1748 758 1805; x_wconf 86' lang='lat' dir='ltr'>quae</span> <span class='ocrx_word' id='word_1_121' title='bbox 772 1729 800 1789; x_wconf 93' lang='lat' dir='ltr'>se</span> <span class='ocrx_word' id='word_1_122' title='bbox 813 1729 931 1806; x_wconf 89' lang='lat' dir='ltr'>quidem</span> <span class='ocrx_word' id='word_1_123' title='bbox 946 1729 1034 1792; x_wconf 86' lang='lat' dir='ltr'>trans·</span> 
     </span>
     <span class='ocr_line' id='line_1_18' title="bbox 56 1810 1035 1890; baseline 0 -18"><span class='ocrx_word' id='word_1_124' title='bbox 56 1812 99 1872; x_wconf 87' lang='lat' dir='ltr'>ire</span> <span class='ocrx_word' id='word_1_125' title='bbox 116 1815 151 1872; x_wconf 86' lang='lat' dir='ltr'>in</span> <span class='ocrx_word' id='word_1_126' title='bbox 169 1813 340 1873; x_wconf 88' lang='lat' dir='ltr'>ulteriorem</span> <span class='ocrx_word' id='word_1_127' title='bbox 362 1812 497 1873; x_wconf 80' lang='lat' dir='ltr'>torrentis</span> <span class='ocrx_word' id='word_1_128' title='bbox 517 1812 609 1890; x_wconf 89' lang='lat' dir='ltr'>ripam</span> <span class='ocrx_word' id='word_1_129' title='bbox 625 1810 715 1884; x_wconf 81' lang='lat' dir='ltr'>velle,</span> <span class='ocrx_word' id='word_1_130' title='bbox 727 1811 827 1871; x_wconf 90' lang='lat' dir='ltr'>timere</span> <span class='ocrx_word' id='word_1_131' title='bbox 841 1823 939 1872; x_wconf 92' lang='lat' dir='ltr'>tamen</span> <span class='ocrx_word' id='word_1_132' title='bbox 951 1810 1035 1872; x_wconf 82' lang='lat' dir='ltr'>fimu-</span> 
     </span>
     <span class='ocr_line' id='line_1_19' title="bbox 57 1887 1034 1971; baseline 0.002 -19"><span class='ocrx_word' id='word_1_133' title='bbox 57 1890 149 1956; x_wconf 90' lang='lat' dir='ltr'>labat.</span> <span class='ocrx_word' id='word_1_134' title='bbox 172 1894 247 1955; x_wconf 89' lang='lat' dir='ltr'>Eam</span> <span class='ocrx_word' id='word_1_135' title='bbox 262 1893 349 1968; x_wconf 88' lang='lat' dir='ltr'>Jason</span> <span class='ocrx_word' id='word_1_136' title='bbox 362 1893 490 1955; x_wconf 88' lang='lat' dir='ltr'>humeris</span> <span class='ocrx_word' id='word_1_137' title='bbox 509 1906 658 1971; x_wconf 85' lang='lat' dir='ltr'>acceptam</span> <span class='ocrx_word' id='word_1_138' title='bbox 676 1887 849 1967; x_wconf 72' lang='lat' dir='ltr'>transvexit,</span> <span class='ocrx_word' id='word_1_139' title='bbox 868 1891 959 1952; x_wconf 88' lang='lat' dir='ltr'>altero</span> <span class='ocrx_word' id='word_1_140' title='bbox 976 1891 1034 1954; x_wconf 86' lang='lat' dir='ltr'>cai·</span> 
     </span>
     <span class='ocr_line' id='line_1_20' title="bbox 58 1971 1034 2052; baseline 0.001 -19"><span class='ocrx_word' id='word_1_141' title='bbox 58 1993 110 2036; x_wconf 88' lang='lat' dir='ltr'>ceo</span> <span class='ocrx_word' id='word_1_142' title='bbox 127 1974 184 2036; x_wconf 90' lang='lat' dir='ltr'>sub</span> <span class='ocrx_word' id='word_1_143' title='bbox 205 1977 342 2036; x_wconf 90' lang='lat' dir='ltr'>torrentis</span> <span class='ocrx_word' id='word_1_144' title='bbox 358 1994 444 2036; x_wconf 87' lang='lat' dir='ltr'>coeno</span> <span class='ocrx_word' id='word_1_145' title='bbox 459 1973 577 2049; x_wconf 70' lang='lat' dir='ltr'>relicto,</span> <span class='ocrx_word' id='word_1_146' title='bbox 596 1975 691 2052; x_wconf 75' lang='lat' dir='ltr'>sicque</span> <span class='ocrx_word' id='word_1_147' title='bbox 706 1973 742 2034; x_wconf 90' lang='lat' dir='ltr'>ad</span> <span class='ocrx_word' id='word_1_148' title='bbox 756 1971 865 2034; x_wconf 88' lang='lat' dir='ltr'>Peliam</span> <span class='ocrx_word' id='word_1_149' title='bbox 880 1971 909 2034; x_wconf 89' lang='lat' dir='ltr'>se</span> <span class='ocrx_word' id='word_1_150' title='bbox 928 1988 1034 2034; x_wconf 90' lang='lat' dir='ltr'>contu·</span> 
     </span>
     <span class='ocr_line' id='line_1_21' title="bbox 59 2053 1033 2134; baseline 0.003 -21"><span class='ocrx_word' id='word_1_151' title='bbox 59 2053 101 2116; x_wconf 73' lang='lat' dir='ltr'>lit.</span> <span class='ocrx_word' id='word_1_152' title='bbox 122 2059 228 2134; x_wconf 81' lang='lat' dir='ltr'>Quem</span> <span class='ocrx_word' id='word_1_153' title='bbox 240 2077 308 2118; x_wconf 90' lang='lat' dir='ltr'>cum</span> <span class='ocrx_word' id='word_1_154' title='bbox 320 2056 509 2133; x_wconf 70' lang='lat' dir='ltr'>retrudisset,</span> <span class='ocrx_word' id='word_1_155' title='bbox 519 2055 629 2118; x_wconf 87' lang='lat' dir='ltr'>oraculi</span> <span class='ocrx_word' id='word_1_156' title='bbox 646 2073 778 2128; x_wconf 82' lang='lat' dir='ltr'>memor,</span> <span class='ocrx_word' id='word_1_157' title='bbox 791 2056 888 2116; x_wconf 87' lang='lat' dir='ltr'>animo</span> <span class='ocrx_word' id='word_1_158' title='bbox 907 2056 1033 2134; x_wconf 86' lang='lat' dir='ltr'>cogitare</span> 
     </span>
     <span class='ocr_line' id='line_1_22' title="bbox 61 2135 1031 2217; baseline 0.001 -21"><span class='ocrx_word' id='word_1_159' title='bbox 61 2141 173 2214; x_wconf 75' lang='lat' dir='ltr'>coepit,</span> <span class='ocrx_word' id='word_1_160' title='bbox 192 2148 254 2216; x_wconf 87' lang='lat' dir='ltr'>quo</span> <span class='ocrx_word' id='word_1_161' title='bbox 273 2142 357 2217; x_wconf 76' lang='lat' dir='ltr'>patto</span> <span class='ocrx_word' id='word_1_162' title='bbox 376 2152 500 2200; x_wconf 90' lang='lat' dir='ltr'>mortem</span> <span class='ocrx_word' id='word_1_163' title='bbox 522 2137 565 2200; x_wconf 90' lang='lat' dir='ltr'>illi</span> <span class='ocrx_word' id='word_1_164' title='bbox 590 2135 746 2198; x_wconf 87' lang='lat' dir='ltr'>moliretur.</span> <span class='ocrx_word' id='word_1_165' title='bbox 769 2136 903 2216; x_wconf 87' lang='lat' dir='ltr'>Cumque</span> <span class='ocrx_word' id='word_1_166' title='bbox 922 2135 1031 2199; x_wconf 87' lang='lat' dir='ltr'>intelli·</span> 
     </span>
     <span class='ocr_line' id='line_1_23' title="bbox 62 2206 1033 2299; baseline 0.004 -22"><span class='ocrx_word' id='word_1_167' title='bbox 62 2233 153 2294; x_wconf 81' lang='lat' dir='ltr'>geret,</span> <span class='ocrx_word' id='word_1_168' title='bbox 165 2220 278 2281; x_wconf 88' lang='lat' dir='ltr'>nullam</span> <span class='ocrx_word' id='word_1_169' title='bbox 294 2241 327 2283; x_wconf 87' lang='lat' dir='ltr'>ea</span> <span class='ocrx_word' id='word_1_170' title='bbox 344 2206 512 2299; x_wconf 81' lang='lat' dir='ltr'>tempeilate</span> <span class='ocrx_word' id='word_1_171' title='bbox 528 2240 587 2282; x_wconf 88' lang='lat' dir='ltr'>rem</span> <span class='ocrx_word' id='word_1_172' title='bbox 599 2219 655 2297; x_wconf 74' lang='lat' dir='ltr'>elle</span> <span class='ocrx_word' id='word_1_173' title='bbox 664 2217 782 2295; x_wconf 84' lang='lat' dir='ltr'>majoris</span> <span class='ocrx_word' id='word_1_174' title='bbox 796 2215 931 2298; x_wconf 88' lang='lat' dir='ltr'>periculi,</span> <span class='ocrx_word' id='word_1_175' title='bbox 945 2237 1033 2295; x_wconf 86' lang='lat' dir='ltr'>quam</span> 
     </span>
     <span class='ocr_line' id='line_1_24' title="bbox 62 2297 1033 2382; baseline 0.005 -26"><span class='ocrx_word' id='word_1_176' title='bbox 62 2299 153 2362; x_wconf 88' lang='lat' dir='ltr'>vellus</span> <span class='ocrx_word' id='word_1_177' title='bbox 174 2322 318 2380; x_wconf 88' lang='lat' dir='ltr'>aureum,</span> <span class='ocrx_word' id='word_1_178' title='bbox 334 2303 414 2382; x_wconf 90' lang='lat' dir='ltr'>quod</span> <span class='ocrx_word' id='word_1_179' title='bbox 428 2303 458 2363; x_wconf 93' lang='lat' dir='ltr'>in</span> <span class='ocrx_word' id='word_1_180' title='bbox 478 2299 590 2380; x_wconf 87' lang='lat' dir='ltr'>templo</span> <span class='ocrx_word' id='word_1_181' title='bbox 603 2300 704 2364; x_wconf 79' lang='lat' dir='ltr'>Martis</span> <span class='ocrx_word' id='word_1_182' title='bbox 719 2300 801 2378; x_wconf 90' lang='lat' dir='ltr'>apud</span> <span class='ocrx_word' id='word_1_183' title='bbox 816 2297 943 2360; x_wconf 90' lang='lat' dir='ltr'>Colchos</span> <span class='ocrx_word' id='word_1_184' title='bbox 959 2315 1033 2378; x_wconf 88' lang='lat' dir='ltr'>erat,</span> 
     </span>
     <span class='ocr_line' id='line_1_25' title="bbox 62 2379 1032 2462; baseline 0.003 -23"><span class='ocrx_word' id='word_1_185' title='bbox 62 2384 161 2459; x_wconf 88' lang='lat' dir='ltr'>nepoti</span> <span class='ocrx_word' id='word_1_186' title='bbox 181 2383 340 2462; x_wconf 77' lang='lat' dir='ltr'>persuasit,</span> <span class='ocrx_word' id='word_1_187' title='bbox 364 2401 397 2447; x_wconf 92' lang='lat' dir='ltr'>ut</span> <span class='ocrx_word' id='word_1_188' title='bbox 415 2386 452 2446; x_wconf 89' lang='lat' dir='ltr'>ad</span> <span class='ocrx_word' id='word_1_189' title='bbox 472 2385 501 2444; x_wconf 89' lang='lat' dir='ltr'>id</span> <span class='ocrx_word' id='word_1_190' title='bbox 526 2383 696 2462; x_wconf 90' lang='lat' dir='ltr'>rapiendum</span> <span class='ocrx_word' id='word_1_191' title='bbox 726 2400 762 2441; x_wconf 92' lang='lat' dir='ltr'>eo</span> <span class='ocrx_word' id='word_1_192' title='bbox 786 2379 1032 2460; x_wconf 85' lang='lat' dir='ltr'>proficisceretur,</span> 
     </span>
     <span class='ocr_line' id='line_1_26' title="bbox 64 2461 1032 2544; baseline 0.004 -24"><span class='ocrx_word' id='word_1_193' title='bbox 64 2462 203 2526; x_wconf 80' lang='lat' dir='ltr'>auxilium</span> <span class='ocrx_word' id='word_1_194' title='bbox 223 2466 351 2543; x_wconf 89' lang='lat' dir='ltr'>opesque</span> <span class='ocrx_word' id='word_1_195' title='bbox 367 2467 430 2528; x_wconf 83' lang='lat' dir='ltr'>suas</span> <span class='ocrx_word' id='word_1_196' title='bbox 445 2464 673 2544; x_wconf 63' lang='lat' dir='ltr'>pollicitum‘Cui</span> <span class='ocrx_word' id='word_1_197' title='bbox 689 2481 756 2524; x_wconf 90' lang='lat' dir='ltr'>cum</span> <span class='ocrx_word' id='word_1_198' title='bbox 770 2461 856 2538; x_wconf 88' lang='lat' dir='ltr'>Jason</span> <span class='ocrx_word' id='word_1_199' title='bbox 871 2461 1032 2542; x_wconf 84' lang='lat' dir='ltr'>alieniriiet,</span> 
     </span>
     <span class='ocr_line' id='line_1_27' title="bbox 62 2543 1033 2634; baseline 0.003 -30"><span class='ocrx_word' id='word_1_200' title='bbox 62 2562 164 2607; x_wconf 86' lang='lat' dir='ltr'>navem</span> <span class='ocrx_word' id='word_1_201' title='bbox 184 2549 268 2634; x_wconf 70' lang='lat' dir='ltr'>juspt</span> <span class='ocrx_word' id='word_1_202' title='bbox 284 2549 420 2610; x_wconf 85' lang='lat' dir='ltr'>fabricari</span> <span class='ocrx_word' id='word_1_203' title='bbox 437 2546 592 2626; x_wconf 84' lang='lat' dir='ltr'>gracilibus</span> <span class='ocrx_word' id='word_1_204' title='bbox 610 2546 717 2617; x_wconf 86' lang='lat' dir='ltr'>clavis,</span> <span class='ocrx_word' id='word_1_205' title='bbox 736 2557 768 2605; x_wconf 90' lang='lat' dir='ltr'>ut</span> <span class='ocrx_word' id='word_1_206' title='bbox 784 2543 881 2606; x_wconf 90' lang='lat' dir='ltr'>scribit</span> <span class='ocrx_word' id='word_1_207' title='bbox 897 2545 1033 2622; x_wconf 83' lang='lat' dir='ltr'>Timage-</span> 
     </span>
    </p>
   </div>
   <div class='ocr_carea' id='block_1_6' title="bbox 64 2626 1180 2707">
    <p class='ocr_par' dir='ltr' id='par_1_6' title="bbox 64 2626 1180 2707">
     <span class='ocr_line' id='line_1_28' title="bbox 64 2626 1180 2707; baseline -0.005 -16"><span class='ocrx_word' id='word_1_208' title='bbox 64 2637 124 2703; x_wconf 84' lang='lat' dir='ltr'>tus,</span> <span class='ocrx_word' id='word_1_209' title='bbox 139 2638 199 2707; x_wconf 89' lang='lat' dir='ltr'>quo</span> <span class='ocrx_word' id='word_1_210' title='bbox 221 2629 358 2691; x_wconf 86' lang='lat' dir='ltr'>citiiiime</span> <span class='ocrx_word' id='word_1_211' title='bbox 373 2629 589 2702; x_wconf 83' lang='lat' dir='ltr'>diliolveretur,</span> <span class='ocrx_word' id='word_1_212' title='bbox 609 2626 768 2705; x_wconf 87' lang='lat' dir='ltr'>omnesque</span> <span class='ocrx_word' id='word_1_213' title='bbox 786 2628 816 2687; x_wconf 92' lang='lat' dir='ltr'>in</span> <span class='ocrx_word' id='word_1_214' title='bbox 834 2626 904 2685; x_wconf 88' lang='lat' dir='ltr'>mari</span> <span class='ocrx_word' id='word_1_215' title='bbox 931 2628 1032 2704; x_wconf 86' lang='lat' dir='ltr'>perde·</span> <span class='ocrx_word' id='word_1_216' title='bbox 1054 2647 1057 2654; x_wconf 66' lang='grc'>’</span> <span class='ocrx_word' id='word_1_217' title='bbox 1174 2697 1180 2706; x_wconf 36' lang='lat'><strong>·</strong></span> 
     </span>
    </p>
   </div>
   <div class='ocr_carea' id='block_1_7' title="bbox 63 2705 1033 3439">
    <p class='ocr_par' dir='ltr' id='par_1_7' title="bbox 63 2705 1033 3439">
     <span class='ocr_line' id='line_1_29' title="bbox 63 2705 1033 2780; baseline 0.006 -18"><span class='ocrx_word' id='word_1_218' title='bbox 63 2719 112 2768; x_wconf 89' lang='lat' dir='ltr'>ret.</span> <span class='ocrx_word' id='word_1_219' title='bbox 138 2711 282 2772; x_wconf 88' lang='lat' dir='ltr'>Ceterum</span> <span class='ocrx_word' id='word_1_220' title='bbox 304 2711 477 2774; x_wconf 79' lang='lat' dir='ltr'>architetlus</span> <span class='ocrx_word' id='word_1_221' title='bbox 502 2712 678 2771; x_wconf 85' lang='lat' dir='ltr'>contrarium</span> <span class='ocrx_word' id='word_1_222' title='bbox 698 2708 789 2768; x_wconf 88' lang='lat' dir='ltr'>fecit:</span> <span class='ocrx_word' id='word_1_223' title='bbox 810 2708 893 2780; x_wconf 85' lang='lat' dir='ltr'>cujus</span> <span class='ocrx_word' id='word_1_224' title='bbox 911 2709 951 2766; x_wconf 91' lang='lat' dir='ltr'>rei</span> <span class='ocrx_word' id='word_1_225' title='bbox 973 2705 1033 2768; x_wconf 88' lang='lat' dir='ltr'>fide</span> 
     </span>
     <span class='ocr_line' id='line_1_30' title="bbox 65 2785 1032 2873; baseline -0.007 -23"><span class='ocrx_word' id='word_1_226' title='bbox 65 2794 332 2873; x_wconf 78' lang='lat' dir='ltr'>accepta,Acaflus</span> <span class='ocrx_word' id='word_1_227' title='bbox 352 2811 420 2854; x_wconf 92' lang='lat' dir='ltr'>cum</span> <span class='ocrx_word' id='word_1_228' title='bbox 435 2793 610 2871; x_wconf 63' lang='lat' dir='ltr'>&#39;Argonautis</span> <span class='ocrx_word' id='word_1_229' title='bbox 628 2787 783 2866; x_wconf 74' lang='lat' dir='ltr'>navigavit</span> <span class='ocrx_word' id='word_1_230' title='bbox 802 2785 859 2848; x_wconf 78' lang='lat' dir='ltr'>Alii</span> <span class='ocrx_word' id='word_1_231' title='bbox 874 2797 972 2861; x_wconf 82' lang='lat' dir='ltr'>tamen</span> <span class='ocrx_word' id='word_1_232' title='bbox 989 2789 1032 2850; x_wconf 89' lang='lat' dir='ltr'>di.</span> 
     </span>
     <span class='ocr_line' id='line_1_31' title="bbox 65 2866 1033 2954; baseline 0.007 -29"><span class='ocrx_word' id='word_1_233' title='bbox 65 2884 149 2949; x_wconf 87' lang='lat' dir='ltr'>cunt,</span> <span class='ocrx_word' id='word_1_234' title='bbox 165 2874 314 2937; x_wconf 81' lang='lat' dir='ltr'>Minervae</span> <span class='ocrx_word' id='word_1_235' title='bbox 329 2874 465 2935; x_wconf 89' lang='lat' dir='ltr'>industria</span> <span class='ocrx_word' id='word_1_236' title='bbox 479 2874 516 2933; x_wconf 87' lang='lat' dir='ltr'>ab</span> <span class='ocrx_word' id='word_1_237' title='bbox 527 2877 603 2954; x_wconf 81' lang='lat' dir='ltr'>Argo</span> <span class='ocrx_word' id='word_1_238' title='bbox 619 2870 755 2933; x_wconf 83' lang='lat' dir='ltr'>Arestoris</span> <span class='ocrx_word' id='word_1_239' title='bbox 773 2866 833 2930; x_wconf 90' lang='lat' dir='ltr'>filio</span> <span class='ocrx_word' id='word_1_240' title='bbox 845 2873 1033 2949; x_wconf 84' lang='lat' dir='ltr'>compagina-</span> 
     </span>
     <span class='ocr_line' id='line_1_32' title="bbox 64 2953 1030 3034; baseline 0.009 -28"><span class='ocrx_word' id='word_1_241' title='bbox 64 2962 120 3010; x_wconf 89' lang='lat' dir='ltr'>tam</span> <span class='ocrx_word' id='word_1_242' title='bbox 133 2998 142 3029; x_wconf 86' lang='lat'>,</span> <span class='ocrx_word' id='word_1_243' title='bbox 153 2957 246 3034; x_wconf 87' lang='lat' dir='ltr'>eique</span> <span class='ocrx_word' id='word_1_244' title='bbox 260 2957 340 3018; x_wconf 83' lang='lat' dir='ltr'>navis</span> <span class='ocrx_word' id='word_1_245' title='bbox 358 2955 541 3018; x_wconf 78' lang='lat' dir='ltr'>resarcienda</span> <span class='ocrx_word' id='word_1_246' title='bbox 557 2953 736 3033; x_wconf 88' lang='lat' dir='ltr'>provinciam</span> <span class='ocrx_word' id='word_1_247' title='bbox 752 2953 910 3026; x_wconf 75' lang='lat' dir='ltr'>injunctam</span> <span class='ocrx_word' id='word_1_248' title='bbox 921 2997 931 3026; x_wconf 82' lang='lat'>,</span> <span class='ocrx_word' id='word_1_249' title='bbox 942 2967 1030 3031; x_wconf 89' lang='lat' dir='ltr'>atque</span> 
     </span>
     <span class='ocr_line' id='line_1_33' title="bbox 67 3029 1031 3124; baseline -0.001 -27"><span class='ocrx_word' id='word_1_250' title='bbox 67 3029 101 3124; x_wconf 60' lang='lat' dir='ltr'>‘ie</span> <span class='ocrx_word' id='word_1_251' title='bbox 115 3033 202 3111; x_wconf 73' lang='lat' dir='ltr'>ipsius</span> <span class='ocrx_word' id='word_1_252' title='bbox 220 3041 343 3113; x_wconf 89' lang='lat' dir='ltr'>nomine</span> <span class='ocrx_word' id='word_1_253' title='bbox 353 3041 431 3120; x_wconf 77' lang='lat' dir='ltr'>Argo</span> <span class='ocrx_word' id='word_1_254' title='bbox 444 3035 527 3098; x_wconf 80' lang='lat' dir='ltr'>fuille</span> <span class='ocrx_word' id='word_1_255' title='bbox 542 3037 658 3098; x_wconf 70' lang='lat' dir='ltr'>droam.</span> <span class='ocrx_word' id='word_1_256' title='bbox 679 3033 861 3110; x_wconf 87' lang='lat' dir='ltr'>Pherecydes</span> <span class='ocrx_word' id='word_1_257' title='bbox 877 3045 976 3095; x_wconf 89' lang='lat' dir='ltr'>tamen</span> <span class='ocrx_word' id='word_1_258' title='bbox 993 3035 1031 3096; x_wconf 92' lang='lat' dir='ltr'>ab</span> 
     </span>
     <span class='ocr_line' id='line_1_34' title="bbox 69 3113 1032 3197; baseline -0.005 -14"><span class='ocrx_word' id='word_1_259' title='bbox 69 3113 151 3193; x_wconf 77' lang='lat' dir='ltr'>Argo,</span> <span class='ocrx_word' id='word_1_260' title='bbox 159 3120 262 3185; x_wconf 82' lang='lat' dir='ltr'>Phrixi</span> <span class='ocrx_word' id='word_1_261' title='bbox 276 3121 348 3197; x_wconf 89' lang='lat' dir='ltr'>fillo,</span> <span class='ocrx_word' id='word_1_262' title='bbox 359 3134 492 3191; x_wconf 79' lang='lat' dir='ltr'>vocatam</span> <span class='ocrx_word' id='word_1_263' title='bbox 503 3117 584 3180; x_wconf 85' lang='lat' dir='ltr'>fuiffe</span> <span class='ocrx_word' id='word_1_264' title='bbox 597 3118 687 3197; x_wconf 81' lang='lat' dir='ltr'>dicit,</span> <span class='ocrx_word' id='word_1_265' title='bbox 700 3114 748 3176; x_wconf 89' lang='lat' dir='ltr'>alii</span> <span class='ocrx_word' id='word_1_266' title='bbox 761 3114 949 3176; x_wconf 86' lang='lat' dir='ltr'>aveiocitate.</span> <span class='ocrx_word' id='word_1_267' title='bbox 965 3113 1032 3178; x_wconf 87' lang='lat' dir='ltr'>Fuit</span> 
     </span>
     <span class='ocr_line' id='line_1_35' title="bbox 68 3195 1031 3278; baseline 0.006 -26"><span class='ocrx_word' id='word_1_268' title='bbox 68 3209 162 3262; x_wconf 86' lang='lat' dir='ltr'>autem</span> <span class='ocrx_word' id='word_1_269' title='bbox 174 3205 303 3278; x_wconf 87' lang='lat' dir='ltr'>vocalis,</span> <span class='ocrx_word' id='word_1_270' title='bbox 322 3207 349 3266; x_wconf 68' lang='grc' dir='ltr'>ἃ</span> <span class='ocrx_word' id='word_1_271' title='bbox 369 3202 497 3263; x_wconf 86' lang='lat' dir='ltr'>fatidica.</span> <span class='ocrx_word' id='word_1_272' title='bbox 522 3200 599 3262; x_wconf 90' lang='lat' dir='ltr'>Nam</span> <span class='ocrx_word' id='word_1_273' title='bbox 617 3199 749 3260; x_wconf 81' lang='lat' dir='ltr'>Minerva</span> <span class='ocrx_word' id='word_1_274' title='bbox 769 3195 881 3274; x_wconf 86' lang='lat' dir='ltr'>lignum</span> <span class='ocrx_word' id='word_1_275' title='bbox 897 3197 927 3254; x_wconf 92' lang='lat' dir='ltr'>in</span> <span class='ocrx_word' id='word_1_276' title='bbox 943 3216 975 3256; x_wconf 89' lang='lat' dir='ltr'>ea</span> <span class='ocrx_word' id='word_1_277' title='bbox 992 3217 1031 3264; x_wconf 82' lang='lat' dir='ltr'>err</span> 
     </span>
     <span class='ocr_line' id='line_1_36' title="bbox 70 3275 1029 3360; baseline -0.011 -7"><span class='ocrx_word' id='word_1_278' title='bbox 70 3297 172 3352; x_wconf 70' lang='lat' dir='ltr'>quercu</span> <span class='ocrx_word' id='word_1_279' title='bbox 190 3285 335 3349; x_wconf 89' lang='lat' dir='ltr'>Dodonea</span> <span class='ocrx_word' id='word_1_280' title='bbox 354 3283 434 3357; x_wconf 82' lang='lat' dir='ltr'>fixit,</span> <span class='ocrx_word' id='word_1_281' title='bbox 449 3298 482 3344; x_wconf 91' lang='lat' dir='ltr'>ut</span> <span class='ocrx_word' id='word_1_282' title='bbox 499 3280 669 3360; x_wconf 84' lang='lat' dir='ltr'>Apollonius</span> <span class='ocrx_word' id='word_1_283' title='bbox 685 3279 736 3341; x_wconf 90' lang='lat' dir='ltr'>lib.</span> <span class='ocrx_word' id='word_1_284' title='bbox 757 3277 769 3340; x_wconf 86' lang='lat'>1</span> <span class='ocrx_word' id='word_1_285' title='bbox 793 3275 944 3340; x_wconf 85' lang='lat' dir='ltr'>fabulatur.</span> <span class='ocrx_word' id='word_1_286' title='bbox 975 3279 1029 3342; x_wconf 87' lang='lat' dir='ltr'>Pu·</span> 
     </span>
     <span class='ocr_line' id='line_1_37' title="bbox 68 3358 1004 3439; baseline 0.002 -16"><span class='ocrx_word' id='word_1_287' title='bbox 68 3358 122 3424; x_wconf 78' lang='lat' dir='ltr'>stra</span> <span class='ocrx_word' id='word_1_288' title='bbox 136 3364 202 3429; x_wconf 88' lang='lat' dir='ltr'>haec</span> <span class='ocrx_word' id='word_1_289' title='bbox 220 3368 302 3430; x_wconf 79' lang='lat' dir='ltr'>naris</span> <span class='ocrx_word' id='word_1_290' title='bbox 318 3367 359 3428; x_wconf 92' lang='lat' dir='ltr'>ob</span> <span class='ocrx_word' id='word_1_291' title='bbox 374 3366 545 3433; x_wconf 87' lang='lat' dir='ltr'>memoriam</span> <span class='ocrx_word' id='word_1_292' title='bbox 567 3366 643 3424; x_wconf 88' lang='lat' dir='ltr'>inter</span> <span class='ocrx_word' id='word_1_293' title='bbox 660 3361 751 3439; x_wconf 68' lang='lat' dir='ltr'>sidera</span> <span class='ocrx_word' id='word_1_294' title='bbox 767 3360 874 3423; x_wconf 85' lang='lat' dir='ltr'>collata</span> <span class='ocrx_word' id='word_1_295' title='bbox 887 3361 1004 3426; x_wconf 88' lang='lat' dir='ltr'>dicitur.</span> 
     </span>
    </p>
   </div>
   <div class='ocr_carea' id='block_1_8' title="bbox 312 3507 776 3592">
    <p class='ocr_par' dir='ltr' id='par_1_8' title="bbox 312 3507 776 3592">
     <span class='ocr_line' id='line_1_38' title="bbox 312 3507 776 3592; baseline -0.006 -23"><span class='ocrx_word' id='word_1_296' title='bbox 312 3509 360 3570; x_wconf 84' lang='lat' dir='ltr'>De</span> <span class='ocrx_word' id='word_1_297' title='bbox 380 3513 597 3592; x_wconf 80' lang='lat' dir='ltr'>Argonaurarrrrrt</span> <span class='ocrx_word' id='word_1_298' title='bbox 614 3507 776 3590; x_wconf 72' lang='lat' dir='ltr'>profeffione.</span> 
     </span>
    </p>
   </div>
   <div class='ocr_carea' id='block_1_9' title="bbox 71 3635 1031 3816">
    <p class='ocr_par' dir='ltr' id='par_1_9' title="bbox 71 3635 1031 3816">
     <span class='ocr_line' id='line_1_39' title="bbox 107 3635 1031 3724; baseline -0.004 -21"><span class='ocrx_word' id='word_1_299' title='bbox 107 3643 201 3724; x_wconf 67' lang='lat' dir='ltr'>rastra,</span> <span class='ocrx_word' id='word_1_300' title='bbox 210 3644 377 3724; x_wconf 89' lang='lat' dir='ltr'>principum</span> <span class='ocrx_word' id='word_1_301' title='bbox 386 3643 501 3706; x_wconf 76' lang='lat' dir='ltr'>Greciae</span> <span class='ocrx_word' id='word_1_302' title='bbox 509 3646 663 3720; x_wconf 83' lang='lat' dir='ltr'>juventute</span> <span class='ocrx_word' id='word_1_303' title='bbox 677 3641 816 3714; x_wconf 67' lang='lat' dir='ltr'>collecta,</span> <span class='ocrx_word' id='word_1_304' title='bbox 827 3635 888 3716; x_wconf 86' lang='lat' dir='ltr'>ipse</span> <span class='ocrx_word' id='word_1_305' title='bbox 896 3638 1031 3700; x_wconf 88' lang='lat' dir='ltr'>omnium</span> 
     </span>
     <span class='ocr_line' id='line_1_40' title="bbox 71 3719 1029 3816; baseline 0.002 -34"><span class='ocrx_word' id='word_1_306' title='bbox 71 3719 193 3804; x_wconf 85' lang='lat' dir='ltr'>dux,ut</span> <span class='ocrx_word' id='word_1_307' title='bbox 201 3725 391 3810; x_wconf 81' lang='lat' dir='ltr'>Apollonius,</span> <span class='ocrx_word' id='word_1_308' title='bbox 402 3725 557 3807; x_wconf 84' lang='lat' dir='ltr'>Orpheus,</span> <span class='ocrx_word' id='word_1_309' title='bbox 568 3724 734 3792; x_wconf 72' lang='lat' dir='ltr'>&amp;Valerius</span> <span class='ocrx_word' id='word_1_310' title='bbox 744 3723 897 3816; x_wconf 81' lang='lat' dir='ltr'>testamur,</span> <span class='ocrx_word' id='word_1_311' title='bbox 914 3722 1029 3805; x_wconf 85' lang='lat' dir='ltr'>(quara-</span> 
     </span>
    </p>
   </div>
   <div class='ocr_carea' id='block_1_10' title="bbox 0 0 1387 4659">
    <p class='ocr_par' dir='ltr' id='par_1_10' title="bbox 0 0 1387 4659">
     <span class='ocr_line' id='line_1_41' title="bbox 0 0 1387 4659; baseline 0 0"><span class='ocrx_word' id='word_1_312' title='bbox 0 0 1387 4659; x_wconf 95' lang='lat' dir='ltr'> </span> 
     </span>
    </p>
   </div>
  </div>
 </body>
</html>
