2750 4659
161 284 163 291 ·
336 236 455 361 mxu
546 216 1078 392 ..enolto‘oos

334 448 452 511 Ancaeus
476 468 510 507 ex
526 446 685 526 Astypalaea
704 444 840 507 Pltoetticis
853 448 926 525 filia.
950 446 1000 510 hic
1022 465 1092 508 veto
1118 442 1241 508 Phoenix
1265 448 1303 506 als

334 530 470 614 Agenoris
488 527 565 587 filius
582 528 688 601 suerit,
700 546 737 587 an
749 528 927 608 Amyntoris,
939 532 990 606 qui
1008 527 1128 590 Achillis
1145 539 1302 605 preceptor

332 613 439 685 fuerit,
458 610 600 670 dubium:
619 608 670 668 ille
684 610 831 686 antiquior
843 610 964 687 quidem
979 608 1169 687 videtur,sed
1187 626 1319 683 tamen„

276 736 280 745 ·
334 708 367 755 ut
378 694 517 754 statuatur
533 706 614 767 pater
625 689 805 767 Astypalaeae,
821 689 945 770 speciem
957 691 1085 769 prebere
1098 690 1209 769 potest,-
1222 690 1301 767 quod

247 776 248 783 ’
335 781 450 855 Agan'oa
465 772 541 833 lilius
555 772 652 833 Ancai
665 773 779 831 dicatur
796 771 832 833 ab
844 772 990 851 Hesychio
1006 773 1037 833 in
1051 772 1178 855 ’Aya‘ttep
1188 816 1197 844 ,
1206 790 1303 847 ,quem

335 854 385 917 ille
404 855 434 913 in
455 851 553 931 proavi
574 854 715 930 Agenoris
731 856 902 914 memoriam
912 856 954 915 ita
968 854 1083 916 vocasse
1098 854 1203 932 potuit.
1218 850 1304 913 Phoe-

97 994 98 997 ,
183 906 237 955 '²
335 940 387 998 nix
402 953 469 997 vero
488 932 607 995 Achillis
624 932 755 1011 magister
770 935 1013 1013 temporibusyhis
1023 936 1176 1015 posterior,
1192 932 1306 996 &mul-

117 1021 126 1060 <
217 1018 234 1093 J
297 1032 366 1097 ¹to
385 1017 475 1095 magis
502 1018 565 1093 ejus
586 1013 646 1077 lilia
667 1016 842 1096 Astypalaia,
857 1014 1198 1096 Ancaumtlrgonautam
1216 1016 1307 1077 edere·

334 1120 395 1161 non
415 1096 537 1176 potuisse
556 1096 688 1173 videtur,
708 1096 729 1158 st
750 1096 915 1159 fabularum
937 1097 1166 1177 chronologiam
1188 1096 1225 1158 ad
1239 1093 1305 1162 =lti-

334 1180 429 1243 llorici
456 1180 594 1255 temporis
615 1178 705 1242 fidem
728 1179 843 1257 exigere
870 1179 980 1242 liceret.
1008 1180 1066 1244 Hic
1091 1198 1162 1241 vero
1187 1179 1305 1238 Aacaue

338 1282 406 1325 cum
432 1260 489 1323 alio
515 1260 589 1337 sape
619 1260 827 1335 confunditor3
846 1281 915 1323 nam
934 1262 1023 1325 &ab
1049 1282 1119 1340 apro
1143 1258 1304 1338 Calydonio

334 1342 545 1414 interfectum,
560 1358 595 1401 ex
613 1340 780 1419 Pherecyde
806 1344 904 1420 prodit
923 1342 1022 1410 schol.
1049 1342 1183 1422 tlpollon.
1202 1340 1253 1401 lib.
1273 1340 1306 1416 I,

277 1455 280 1476 0
335 1422 408 1485 vers.
425 1422 495 1485 288.
521 1423 600 1498 quod
625 1420 694 1482 inde
717 1423 804 1482 etiam
829 1423 922 1499 posset
944 1425 1048 1503 aliquit
1071 1424 1206 1497 efficere,
1225 1421 1305 1499 quod

227 1547 229 1551 -
336 1507 418 1567 hune
430 1505 559 1567 Antaeum
578 1504 764 1565 Pleuronium
779 1504 868 1565 facim
884 1505 1019 1583 Orpbeus
1035 1506 1107 1569 vers.
1124 1508 1191 1567 206.
1218 1497 1305 1564 Pleu-

257 1658 259 1665 ,
337 1580 514 1649 ron'autem
536 1586 566 1663 in
587 1584 711 1656 lEtolia,
736 1585 999 1665 unde‘bleleager,
1016 1604 1053 1649 ex
1069 1607 1128 1665 quo
1152 1586 1306 1666 Meleagria

337 1672 455 1733 Pleuron
465 1667 556 1731 Statio
570 1668 677 1727 dicitur
691 1665 742 1726 lib.
752 1666 810 1740 lv,
820 1666 890 1729 vers.
903 1688 968 1749 103.
981 1670 1109 1746 Quintus
1119 1667 1241 1729 Calaber
1254 1666 1307 1730 lib.

317 1751 388 1827 lv,
404 1748 474 1813 vers.
493 1772 552 1824 444
568 1747 655 1808 ludos
671 1747 807 1822 fitnebres
822 1748 854 1809 in
868 1749 1011 1811 honorem
1029 1747 1151 1811 Achillis
1168 1766 1305 1823 narrans,

339 1831 409 1895 disci
429 1830 582 1905 meminit,
598 1848 656 1907 quo
681 1828 755 1889 olim
771 1830 893 1891 Ancaeus
912 1848 972 1892 erat
991 1830 1075 1901 usur,
1095 1841 1249 1907 antequam
1266 1828 1321 1889 ab

339 1912 468 1979 Hercule
484 1913 580 1971 fuerat
596 1910 734 1971 domitus.
752 1910 854 1972 vitiose
873 1913 986 1973 veroin
1002 1912 1129 1974 versione
1147 1910 1249 1974 Latina
1264 1910 1306 1971 le·

339 1998 415 2075 gitur
431 1994 554 2067 Alcaeus,
569 1994 596 2055 dr
614 1993 717 2052 mortis
733 2010 839 2071 genus,
857 1994 937 2072 quod
953 1992 1076 2057 Calaber
1088 2013 1148 2054 non
1167 1991 1309 2069 exprimit

341 2073 433 2159 (dicit
451 2078 530 2134 'enim
544 2076 608 2156 πρὶν
621 2072 776 2156 κρατερῇσι
798 2073 925 2159 χέρεσσι
943 2074 1114 2155 damnabat
1133 2070 1309 2158 Ἡρακλῆος)

339 2162 481 2234 interpres
501 2156 643 2235 reddidit,
665 2157 818 2238 priusquam
842 2160 911 2218 inter
933 2160 1044 2217 validas
1067 2178 1161 2217 manus
1179 2155 1311 2218 Herculis

339 2242 420 2319 elisos
431 2238 498 2317 fuir.
523 2238 567 2299 Ad
586 2251 740 2314 utrumque
760 2237 848 2299 etiam
864 2234 993 2301 Ancaeum
1020 2236 1309 2301 diversissententiis

215 2374 219 2381 ,
337 2320 510 2398 scriptorum
529 2319 651 2391 refertur
667 2318 803 2396 adagium
818 2316 1053 2395 celeberrimum,
1070 2323 1174 2383 monnio
1186 2316 1310 2401 μεταξὺ

339 2399 553 2465 mentiebantur
567 2400 625 2487 ’καὶ
641 2398 762 2481 χείλεος
776 2400 883 2484 ἄκρου,
897 2402 981 2463 multa
999 2405 1098 2463 cadum
1116 2404 1184 2462 inter
1200 2400 1309 2460 calicem

332 2486 505 2569 fitprempque
519 2484 603 2543 labra.
618 2482 685 2543 vide
704 2481 827 2544 Zenobii
842 2484 964 2566 centur,
975 2484 1020 2560 V,
1033 2504 1085 2560 71,
1105 2486 1133 2545 dt
1149 2482 1189 2544 ibl
1202 2480 1308 2543 Schot·
1324 2547 1326 2552 ,

339 2566 365 2627 ti
381 2576 482 2637 notas3
495 2562 622 2641 Apostol.
643 2564 729 2627 Cent.
745 2562 831 2636 Xlll,
853 2563 907 2636 18,
925 2566 954 2628 ἃ
974 2564 1015 2626 ibi
1033 2565 1199 2627 Pantinum.
1219 2564 1310 2625 Cete-

304 2666 306 2671 ’
340 2666 406 2709 rum
429 2644 479 2705 hic
497 2642 631 2720 Antaeus,
645 2646 699 2722 *qui
718 2644 902 2722 peritissimus
923 2648 1079 2727 navigandi
1098 2647 1166 2711 attis
1185 2648 1213 2708 st
1231 2645 1310 2705 fide·

341 2748 407 2789 runt
427 2725 613 2801 describitur,
634 2729 662 2789 dc
685 2726 753 2787 ideo
776 2726 855 2789 sorte
872 2729 1002 2808 Neptuni
1023 2728 1099 2790 filius
1119 2730 1234 2799 dictur,
1256 2726 1310 2789 Ti-

341 2809 404 2887 phy
421 2821 559 2885 mortuo,
580 2809 616 2869 ad
637 2807 751 2870 clavum
771 2810 829 2871 fuit
847 2812 1000 2883 admotus,
1021 2811 1091 2871 teste
1106 2809 1225 2887 Hygino
1240 2826 1310 2885 cap.

223 2860 226 2867 Ι
340 2891 425 2965 XIV,
438 2895 486 2967 (ut
504 2893 566 2965 ejus
580 2889 668 2951 verba
680 2888 824 2969 supplevit
833 2910 896 2969 cap.
908 2891 1007 2954 XVlll
1028 2888 1207 2953 doetiffimos
1219 2887 1311 2949 Mun-

340 2972 448 3046 kerut)
468 2971 586 3051 Orpheo
606 2969 675 3031 vers.
693 2991 764 3052 725,
786 2976 907 3056 1079&
928 2990 1015 3053 1203,
1034 2975 1061 3033 dt
1079 2968 1151 3033 aliis.
1173 2968 1310 3031 Valerius

280 3098 284 3109 a
319 3054 322 3061 '
343 3072 412 3126 vero
425 3050 547 3115 Flaccus
558 3054 689 3135 Erginum
701 3052 837 3133 suffragio
857 3054 943 3131 ipsios
958 3054 1041 3114 navio
1059 3053 1151 3129 Argue
1168 3050 1312 3130 superasse

342 3137 470 3197 Aaaaum
488 3138 515 3198 dt
530 3136 680 3216 Nauplion
696 3134 798 3209 refert,
819 3138 846 3197 dt
866 3138 971 3216 Tiphyn
988 3132 1148 3211 excepisse,
1166 3145 1201 3195 ut
1214 3135 1245 3195 in
1258 3134 1312 3197 Er-

343 3217 414 3295 gino
429 3217 603 3277 videbimus.
620 3216 650 3275 in
667 3214 846 3279 Didionario
859 3215 1003 3280 Historico
1019 3214 1137 3277 Poetico
1147 3216 1233 3278 video
1246 3234 1311 3275 me-

203 3350 234 3391 x.
342 3296 449 3361 morati
463 3299 567 3358 Anaxa
582 3298 679 3359 Ancaei
689 3298 798 3375 filiam:
815 3315 904 3374 quam
921 3296 971 3357 diu
988 3296 1089 3358 frustra
1106 3294 1311 3377 quaefivi;‘sed

343 3380 431 3440 credo
448 3378 494 3439 vel
508 3378 630 3440 auctoris
645 3376 839 3455 negligentia,
859 3378 908 3455 qui
926 3378 1057 3441 vitiosam
1070 3380 1232 3442 editionem
1243 3379 1310 3440 Ho-

287 3477 288 3481 ’
342 3459 416 3521 meri
432 3459 632 3531 consuluerat,
654 3458 704 3541 (in
728 3457 886 3521 Scholiasta
906 3462 987 3523 enirn
1012 3460 1097 3523 Iliad.
1117 3460 1145 3543 ξ.
1164 3479 1239 3541 323,
1253 3458 1309 3520 ubi

290 3574 298 3581 -
327 3541 489 3623 ,Alcmena
506 3560 595 3619 genus
606 3540 746 3612 refertur,
762 3540 1071 3624 legitur,’‘llaa2arie
1081 3545 1241 3625 ΓΑγκίιιου,
1251 3559 1308 3622 pro

341 3619 496 3695 Ἀλκάιου,
513 3635 546 3682 ut
562 3624 594 3683 in
613 3621 744 3683 editione
762 3621 911 3687 Hackiana
928 3624 1125 3707 correctum)
1141 3621 1187 3683 vel
1202 3640 1310 3702 opera·

343 3722 409 3768 rum
428 3708 523 3766 errore
542 3702 599 3767 elle
624 3704 738 3771 editum
762 3722 817 3784 pto
837 3706 925 3769 Alcaei
943 3708 1018 3788 filia.
1041 3722 1112 3769 nam
1133 3701 1309 3785 Apollodor-
