2750 4659
185 278 220 369 s
259 324 820 419 'Aacounurnaum
924 272 1032 408 „m
1082 322 1085 330 ’

59 484 137 565 esse,
159 498 198 551 ut
217 472 250 549 irr'
267 486 411 549 Colchida
436 486 674 565 pmnavigatent,
696 486 815 546 doceret
833 502 896 548 eota
919 484 1031 563 reliqua
1137 515 1142 527 =

62 574 98 631 de
116 569 179 629 hoc
197 573 224 631 dt
242 569 426 636 aliisGlaucis
441 569 491 627 hic
505 564 700 645 preterimus,
716 568 767 627 nisr
787 566 884 643 saquis
896 565 1033 627 denna.

58 674 108 725 co,
127 648 246 730 Sisyphi
260 650 321 710 illio
346 651 473 728 cogitare
490 649 577 724 velit,
594 648 642 725 qui
662 648 740 709 filius
759 647 835 710 lEoli
856 647 922 715 suit.
946 646 1032 707 &ita

59 732 212 873 plancas}
228 734 360 872 pffoxirno
381 748 486 809 genere
500 725 598 803 Jasoni
613 719 809 805 bonjunttus,
828 728 924 807 potuit
938 727 1033 789 socios

57 814 174 873 itineris
211 814 237 872 ui
262 833 286 873 e.
446 820 448 823 ’
781 825 783 828 ’
1121 853 1125 859 -

99 894 315 957 HERCULES.
333 891 508 969 Thebanus,
525 892 605 967 Jovis
617 895 643 954 ἃ
657 890 905 965 Alcmenaefillus‚
919 889 956 951 de
972 907 1032 967 quo

58 976 151 1035 verba
174 976 295 1053 perdere
316 994 377 1035 non
397 972 482 1049 licet,
500 975 567 1050 quia
582 973 654 1034 nulli
672 993 732 1034 nnn
751 971 859 1043 dietus,
875 971 925 1033 sed
944 968 1033 1031 notis·

60 1056 148 1117 simus
171 1056 222 1117 est.
243 1055 417 1133 'Argonautis
431 1052 465 1121 se
488 1054 652 1127 associasse,
668 1072 770 1114 omnes
785 1053 920 1113 scribunt
939 1054 1032 1113 immo

59 1137 187 1199 Ptolem.
223 1136 411 1215 Hephaestion
437 1134 486 1197 lib.
504 1134 533 1199 ll
561 1134 670 1209 tradit,
696 1134 853 1197 Herculem
881 1132 1034 1195 aedificasse

61 1237 191 1293 navem,
210 1237 273 1295 quae
293 1220 368 1295 Argo
380 1236 397 1277 a
409 1215 521 1297 Jasonia
539 1214 599 1277 silio
617 1217 712 1293 Argo,
726 1234 814 1293 quem
826 1216 942 1277 amabat
958 1215 1035 1282 Her·¹

62 1299 164 1373 cules,
187 1298 358 1370 diuoluit,
379 1300 406 1357 dr
426 1308 542 1374 propter
562 1314 648 1373 quem
670 1316 738 1356 cum
758 1295 862 1372 Jasone
881 1297 1032 1373 navigant.

62 1400 124 1459 quae
140 1400 205 1441 non
227 1390 391 1457 congruunt
410 1374 551 1455 reliquis,¹
562 1378 610 1453 qui
628 1377 762 1454 Jasonem
777 1377 920 1456 inlprirna
930 1381 1034 1453 juven·
1086 1430 1092 1439 .

62 1475 110 1537 ta,
137 1475 300 1538 antequam
327 1476 446 1520 uxorem
471 1457 614 1533 duxisset,
633 1478 650 1520 a
668 1459 745 1521 Pelia
762 1459 909 1521 extrusum
929 1476 1034 1519 omnes
1099 1506 1104 1518 ,

62 1561 122 1604 uno
147 1563 202 1603 ore
229 1542 354 1602 tradunt.
380 1540 457 1601 Huic
480 1538 599 1599 voluisse
621 1560 723 1603 omnes
743 1542 923 1617 Argonautas
950 1538 1034 1606 surrr-¹

64 1644 146 1685 marn
168 1624 284 1701 imperii
298 1622 425 1696 tradere,
435 1621 485 1682 sed
501 1620 593 1697 ipsum
609 1622 731 1697 Junonis
744 1621 853 1683 consilii
866 1620 1033 1697 conscium,

63 1703 266 1782 pronuntiasse
284 1702 418 1777 Jasonem
440 1704 566 1776 ducem,
584 1706 672 1763 tradit
692 1704 823 1782 Hyginus
847 1706 876 1765 ἅ
893 1702 1031 1780 Orpheus

63 1787 133 1849 vers.
159 1806 236 1868 2933
269 1784 520 1849 -ubi-Aristotelem
543 1782 594 1845 lib.
622 1784 666 1846 Ill
686 1785 770 1847 Polit.
794 1804 828 1863 ¹3
853 1786 1034 1846 contrarium

65 1870 181 1929 tradere
204 1868 317 1945 notavit
335 1864 474 1929 Eschenb.
496 1868 523 1927 δι
540 1864 661 1926 noluisse
678 1884 776 1944 parere
795 1864 912 1941 jasoni,
934 1865 1035 1943 itaque

66 1947 221 2009 deseruisse
246 1950 429 2033 Argonautap.
460 1947 568 2008 linton.
590 1946 684 2009 Liber.
711 1965 736 2013 c.
756 1947 883 2020 XXVI,
901 1960 1036 2009 creatum

67 2033 157 2091 etiam
170 2030 289 2103 ducem,
301 2028 441 2103 affirmat;
456 2042 489 2088 ut
502 2026 659 2089 &Diodon
672 2028 784 2092 Siculus
797 2028 848 2090 lib'.
859 2028 910 2101 lv,
919 2047 949 2106 p.
963 2048 1034 2108 171,
1089 2041 1093 2046 ·

66 2124 99 2171 ut
117 2111 209 2186 Jason
225 2113 344 2169 demum
361 2108 423 2187 post
441 2108 597 2171 Herculem
618 2109 752 2172 relietum
766 2108 886 2171 summae
903 2111 944 2169 rei
964 2129 1035 2187 prae.
1072 2131 1075 2135 ·
1204 2111 1206 2116 ’

68 2192 164 2254 suerit.
189 2179 337 2278 Scbbliast.
361 2190 479 2253 Pindar.
503 2192 541 2250 ad
565 2189 607 2253 IV
629 2178 714 2269 Pytlr.
738 2211 816 2275 305,
840 2190 972 2252 relietum
994 2188 1033 2251 ab

68 2274 261 2351 Argonautis,
288 2290 356 2333 cum
378 2288 519 2347 aquatum
545 2270 678 2347 exiisset,
705 2272 799 2333 noller
822 2275 850 2333 dt
872 2272 939 2345 alii,
962 2273 1034 2333 dum

59 2354 179 2431 ,Hylam
191 2368 346 2431 quaereret,
360 2354 486 2413 tradunt.
505 2352 603 2415 Varias
617 2353 774 2415 sententias
787 2352 915 2414 recenset
932 2351 1032 2415 Schol.

69 2436 206 2513 Apollon'.
226 2436 264 2496 ad
284 2434 333 2496 lib.
354 2434 387 2509 l,
410 2454 494 2516 1290.
513 2434 588 2495 inter
608 2454 681 2513 quos
696 2430 816 2499 Hesiodi
835 2435 924 2495 etiarn
942 2434 1036 2495 reser-
1048 2439 1067 2491 ’.
1164 2433 1168 2447 ’

72 2529 132 2592 tur;
157 2516 268 2579 scilicet
284 2520 343 2591 jam
360 2504 489 2577 relictum
510 2514 594 2576 fuisse
609 2519 639 2577 in
657 2516 822 2594 Magncsra,
836 2518 866 2576 in
882 2516 970 2589 loco,
983 2514 1036 2592 qui

71 2598 129 2659 icari
145 2596 216 2661 'asir
228 2596 354 2673 ἀφέσεως
371 2596 464 2657 didius
481 2596 522 2657 est
536 2598 670 2674 Ἀφέτας.
692 2598 740 2658 cui
760 2600 788 2659 dt
809 2596 951 2658 consentit
964 2598 1037 2664 Stes

70 2677 157 2763 pisan.
180 2681 211 2740 in
227 2679 361 2755 ’Apicum
383 2678 464 2753 quod
480 2680 530 2738 vix
545 2678 706 2742 verosimile
724 2682 838 2739 uidetur
860 2677 1033 2756 Berckelio,

71 2779 122 2821 nec
137 2762 220 2823 mihi.
235 2760 283 2822 alii
301 2760 331 2819 in
348 2758 474 2819 Colchus
492 2760 665 2835 pervenisse,
679 2761 708 2820 da
726 2758 847 2819 vicissim
867 2777 969 2827 omnes
984 2761 1035 2819 tir.
1068 2812 1070 2814 ,

73 2856 213 2918 gonautas
239 2839 295 2919 ¹ipsa
319 2838 429 2901 affuisse
448 2838 479 2899 in
498 2838 575 2901 bello
598 2854 701 2901 contra
722 2839 938 2915 Laomedonta,
959 2837 1035 2901 scri-

73 2921 154 2987 bunt.
183 2924 249 2985 vide
276 2920 373 2985 Schol.
401 2920 515 2983 Pindat.
542 2920 584 2983 111
619 2920 678 2983 Odi
702 2922 789 2984 Nem.
814 2920 884 2983 vers.
907 2923 955 2995 64.
984 2940 1035 2981 re-

73 3002 150 3082 liqua
173 3006 210 3067 de
235 3007 298 3079 eius
317 3002 465 3064 laboribus
484 3001 580 3063 obvia.
601 3005 628 3065 ἃ
653 3022 690 3064 an
710 3002 752 3063 illi
767 3002 824 3063 hac
844 3003 1038 3079 expeditione
1060 3018 1066 3032 ¹

74 3089 182 3161 priores
200 3086 321 3160 fuerint,
338 3085 463 3145 vidimus
480 3084 518 3145 ad
535 3082 598 3145 val.
612 3085 643 3158 l,
663 3106 709 3165 34.
726 3085 835 3162 reliqua
853 3085 889 3144 de
907 3082 1035 3147 Hercule

75 3168 268 3242 praeterimus,
286 3186 321 3225 ne
339 3167 426 3227 taedio
439 3164 569 3228 delicatis
588 3164 688 3241 simus,
701 3165 805 3243 quibus
821 3169 880 3241 jam
899 3163 953 3224 has
967 3166 1035 3243 My-

75 3245 164 3311 thicas
181 3268 271 3329 nugas
287 3248 433 3309 fastidium
452 3265 548 3307 creare
564 3248 718 3309 credimus.

113 3329 383 3395 HIPPALCIMUS.
401 3330 555 3411 Pelopis&
571 3326 777 3410 Hippodamia,
793 3327 932 3410 OEnotnai
947 3325 1035 3402 filiae,
1111 3323 1116 3331 ’

78 3408 169 3485 filius,
196 3430 231 3471 ex
254 3410 470 3492 Peloponneso,
491 3410 559 3489 Pisis,
582 3408 687 3475 senilia
708 3413 809 3471 audior
834 3412 874 3470 est
899 3410 1035 3487 Hyginus

79 3508 139 3569 cap.
156 3492 234 3555 XIV.
257 3492 451 3570 Apollodorus
472 3510 539 3553 vero
560 3488 610 3553 lib.
627 3492 657 3566 l,
681 3509 744 3569 cap.
761 3492 823 3565 IX,
842 3491 855 3567 §
883 3498 919 3552 rb
932 3492 1035 3551 'Pene-

77 3569 153 3635 leum
169 3574 263 3635 filium
286 3576 427 3656 Hippalmr'
446 3575 521 3634 inter
536 3574 716 3651 Argonautas
735 3570 878 3647 recenset,
895 3591 981 3649 quem
1001 3570 1034 3633 fi-
1114 3639 1116 3643 ,
1178 3557 1190 3565 χ

77 3650 146 3717 lium
164 3654 251 3731 hujus
266 3656 434 3735 Hippalcimi
451 3653 534 3716 fuisse
551 3656 655 3730 credo,
673 3658 820 3717 &nomen
830 3654 879 3715 vel
891 3655 966 3713 varie
976 3670 1035 3728 pn-

79 3731 161 3799 iitum
169 3782 182 3813 ,
197 3736 244 3801 vel
261 3734 578 3815 ascribiscorruptum
596 3755 648 3817 per
665 3736 876 3817 compendium
887 3733 1035 3813 scripturae
