2750 4659
121 316 481 423 'ARGONAUTICAE
501 318 666 395 EXPED.
679 320 907 399 HISTORIA.
942 331 1045 405 xcttl

69 484 191 547 «hidas.
208 482 304 549 Postea
317 487 484 567 aNeptuno
495 532 504 562 ,
514 486 596 549 verso
614 488 644 547 in
660 485 762 567 Enipei
776 488 876 561 fluvii,
891 508 977 569 quem
992 492 1043 555 ille

73 565 214 642 amabat,
233 566 376 641 formam,
390 566 616 647 comprehensa,
634 570 747 629 Neleum
763 570 890 632 Nestoris
909 584 1042 649 patrem,

73 648 233 729 Peliamque
251 646 402 711 Thellaliae
417 667 516 727 regem
534 649 636 711 edidit.
661 651 797 710 Athamas
815 668 882 711 vero
900 670 937 713 ex
954 654 1044 729 priori

71 746 188 799 uxore,
203 747 265 805 quae
281 728 413 807 Nephele
430 731 507 791 dida
518 728 659 807 est,'duos
673 729 785 793 sustulit
800 731 892 808 filios,
907 731 1040 793 Phrixum
1071 732 1085 769 ⁶

73 811 106 871 ce
116 808 224 872 Hellen.
236 808 393 871 secundum
406 810 587 873 Herodotum
602 810 712 889 plures,
724 813 772 890 qui
782 809 832 885 ait,
842 832 910 886 eum
920 832 956 874 ex
965 814 1042 877 The·

73 890 160 951 misto
179 890 304 965 genuisse
322 890 515 967 Schoeneum,
530 892 684 971 Erythrion
696 889 903 969 ,'Leuconem,
919 896 1039 969 Poeum,

73 970 249 1048 ultimosque
265 974 396 1033 omnium
413 970 553 1033 Phrixum
572 977 599 1035 dt
614 972 729 1035 Hellen.
745 992 780 1035 ex
798 975 953 1052 posteriore
970 995 1040 1039 vero

69 1048 257 1115 Melicertam
270 1055 298 1116 δι
310 1051 469 1129 Learchum
480 1052 572 1130 filios,
587 1052 736 1131 filiamque
750 1054 916 1133 Eurycliam
929 1056 1054 1127 habuit„
1069 1063 1072 1072 “

443 1216 490 1276 De
510 1215 685 1278 Athamante.

113 1329 263 1408 Athamas,
286 1332 375 1411 priori
406 1350 497 1393 uxore
524 1350 561 1393 err
586 1332 658 1394 vivis
687 1328 820 1406 sublata,
850 1334 903 1395 Iao
936 1333 1042 1397 Cadmi

73 1414 102 1475 de
133 1414 299 1478 Harmonia
325 1414 417 1477 filiam
448 1413 532 1475 duxit
564 1412 710 1487 uxorem,
737 1416 820 1488 cujus
846 1412 955 1477 insidiis
982 1437 1040 1494 pa·

71 1512 139 1555 rum
156 1493 270 1569 abfuit,
287 1496 357 1572 quin
379 1495 505 1575 privigni
524 1496 735 1557 occiderentur.
766 1492 819 1557 llla
836 1495 915 1556 enim
931 1516 1041 1559 nover-

71 1574 128 1636 cali
158 1577 228 1636 odio
259 1576 354 1637 mariti
385 1574 493 1637 liberos
521 1574 681 1649 inseram,
712 1574 848 1652 persuafit
882 1576 1040 1655 indigena-

71 1675 139 1717 rum
160 1656 320 1730 uxoribus,
346 1670 379 1718 ut
402 1656 511 1719 semina
541 1669 711 1735 coquerent.
751 1655 885 1734 Cumque
910 1656 1056 1739 sequenti⁴

71 1757 154 1799 anno
176 1738 270 1799 semen
294 1741 410 1803 eodum
440 1738 549 1799 studius
578 1737 707 1816 speratos
733 1755 794 1797 non
821 1735 1037 1816 suppeditaret,

70 1818 211 1882 Athamas
227 1820 265 1880 ad
287 1818 461 1906 Delphicum
478 1817 592 1897 Pythici
609 1817 752 1897 Apollinis
776 1819 926 1881 oraculum
944 1820 1038 1883 sacer·

73 1902 159 1964 dotes
177 1900 270 1972 milrr,
289 1902 337 1977 qui
355 1900 391 1962 de
409 1903 473 1976 ejus
490 1900 560 1961 mali
577 1901 706 1961 remedio
721 1899 815 1973 Deum
835 1900 1035 1977 consulerent;

72 2000 198 2054 verum,
206 1979 242 2041 ab
255 1983 357 2043 eadem
370 1981 516 2059 corrupti,
533 1980 716 2043 Athamantis
731 1980 808 2043 filios
819 1983 857 2043 ad
876 1982 1035 2061 placandos
1080 2050 1082 2055 .

72 2062 153 2125 Deos
168 2060 340 2139 sacrificari,
361 2061 526 2141 Apollinem
547 2062 691 2140 postulare
707 2064 921 2129 nuntiaverunt.
946 2064 1036 2129 Chm-

71 2164 128 2222 que
143 2143 329 2219 ii,omnibus
348 2144 407 2220 jam
423 2144 460 2204 ad
478 2142 647 2206 sacrificium
667 2144 831 2206 necellariis
851 2146 938 2208 rebus
954 2164 1036 2225 para-

72 2228 130 2297 tis,
148 2225 185 2285 ad
197 2244 258 2285 aras
270 2226 414 2287 metiendi
432 2225 673 2297 admoverentur,
685 2222 821 2303 Nephele
834 2240 926 2288 mater
938 2226 1034 2308 super-

71 2306 191 2367 induela
215 2304 292 2367 nube
317 2326 367 2368 eos
388 2305 510 2385 eripuit,
535 2308 712 2384 arietemque
735 2326 822 2369 aureo
841 2308 945 2370 vellere
963 2322 1039 2371 con:

69 2386 204 2467 spieuum
223 2388 315 2463 dedit,
332 2388 379 2449 cui
396 2388 577 2451 infidentesa
591 2386 844 2451 novercaeinsrdiis
860 2390 1032 2454 eraderent:

71 2470 123 2530 sed
145 2486 212 2529 cum
233 2469 375 2549 fugientes
399 2474 521 2548 positum
545 2470 779 2543 transfretarent,
794 2471 877 2531 Helle
898 2472 1035 2535 mliebri

70 2568 181 2631 pavore
190 2550 316 2627 perculsa
329 2552 359 2612 in
377 2550 454 2611 mare
466 2550 596 2626 decidit,
609 2564 694 2629 atque
705 2553 791 2614 undis
802 2549 945 2616 submersa
957 2574 1031 2634 pon·

70 2643 102 2692 to
118 2650 227 2692 nomen
238 2632 351 2693 indidit.
365 2633 487 2693 Phrixus
497 2630 565 2692 v'ero
576 2632 606 2691 in
617 2630 745 2694 Colchos
755 2633 783 2693 le
793 2632 933 2706 contulit,
943 2648 1030 2712 atque

70 2713 113 2775 ibi
130 2714 249 2775 arietem
269 2712 408 2775 Mercurii
428 2710 565 2786 consilio,
583 2726 616 2773 ut
635 2711 806 2791 Apollonius
822 2712 939 2787 scribit,
962 2716 1030 2789 Jovi

68 2793 189 2857 Phrixio
210 2792 392 2868 sacrificavit,
411 2792 558 2871 AEetaeque
575 2792 648 2871 regis
665 2793 754 2855 liliam
783 2792 866 2857 duxit
888 2814 1030 2872 uxorem,

70 2895 159 2953 quam
175 2894 210 2935 ex
223 2876 328 2937 Graecis
346 2874 514 2937 Herodotus
528 2876 556 2936 de
568 2872 755 2952 Apollonius,
775 2894 812 2936 ex
832 2876 942 2939 Latinis
959 2877 1031 2941 Osi·

69 2956 139 3017 dius'
155 2958 182 3017 dt
199 2956 329 3018 Valerius
348 2954 504 3037 Chalciopen
521 2968 635 3017 vocant.
655 2956 811 3019 Arcelilaus
828 2976 896 3018 vero
919 2962 948 3020 de
965 2960 1033 3022 He·

69 3038 166 3099 fiodus
182 3037 210 3100 ἐι
221 3038 328 3119 reita
369 3036 459 3115 heare
480 3032 568 3101 risiare
587 3038 703 3119 (operis
717 3057 825 3100 nomen
841 3040 904 3113 est)
919 3042 1032 3121 lophos·

64 3120 126 3201 fian
142 3117 300 3197 appellant.
328 3058 507 3197 Pherecydes
528 3120 559 3179 in
576 3118 660 3181 sexto
676 3120 810 3181 Eveniant
829 3118 926 3180 scribit
944 3139 1031 3183 voca·
1111 3152 1115 3156 ’
1221 3132 1224 3139 “

68 3214 150 3274 tam,
166 3198 247 3261 fuille
271 3213 368 3263 autern
384 3200 410 3261 ei
431 3214 658 3279 cognomentum
678 3202 825 3279 Chalciope
846 3203 873 3263 dr
897 3202 1032 3283 Ophiusa.
1079 3218 1083 3223 “
1137 3220 1152 3277 ἢ

67 3296 105 3342 ex
126 3300 160 3343 ea
179 3278 300 3343 Phrixus
324 3294 448 3359 quatuor
464 3280 573 3345 sustulit
589 3280 717 3357 liberos,
735 3282 857 3360 Argum,
872 3282 1027 3360 Phrourion,

68 3362 204 3437 Melana,
221 3365 248 3424 dr
268 3365 443 3445 Cyrhisoron,
462 3383 547 3449 quem
567 3358 698 3442 Ephorus
721 3364 862 3460 Cytheram
880 3362 1029 3443 appellet3
1123 3435 1128 3443 Ι
1179 3379 1183 3389 ·

68 3444 151 3506 addit
172 3444 351 3523 &quintum
371 3440 579 3525 Epimenides,
600 3446 757 3507 Preshonenr
770 3462 898 3535 nomme.

232 3598 233 3603 ἵ
356 3666 361 3673 ,
393 3606 439 3669 De
465 3608 566 3669 Phrixi
590 3629 709 3677 noverca.

102 3726 228 3793 Causam
247 3741 380 3791 noverca
391 3724 421 3787 in
433 3726 528 3789 mariti
540 3724 618 3792 filios
635 3726 777 3807 odii,alii
794 3727 878 3793 aliter
894 3728 1033 3829 referunt.
