2750 4659
347 336 447 392 sep
488 261 856 390 xsrroormonmn
880 310 1206 391 txrrmnoms

346 481 391 541 vis
407 480 554 541 Diodorus
579 476 683 552 aliter)
702 477 836 554 navigare
852 478 963 556 coepit,
984 476 1097 539 solvens
1119 477 1303 559 erlPagahu

346 563 427 639 quod
450 561 603 637 magnesiae
626 560 665 619 est
688 560 942 636 promontorium,
964 558 1306 621 drodmanniae?

266 652 270 663 “
342 642 512 721 menigbar
527 640 579 703 air
598 640 701 721 Ἀργώ.
725 640 872 701 Demetrio
888 660 955 700 vero
968 639 1101 718 Sceplio,
1116 641 1152 701 ab
1171 642 1302 717 eoquod

344 723 448 787 multis
468 721 597 784 fontibus
622 722 763 797 irrigatur.
787 723 879 798 rltque
897 721 932 781 ad
953 720 1085 783 Lemnon
1105 724 1232 799 primum
1254 742 1303 799 ap.

344 804 472 885 plicuit,
497 803 548 865 ubi
574 796 662 879 paulo
686 816 753 861 ante
782 802 910 864 Lemniae
937 802 1073 865 mulieres
1100 804 1178 864 viros
1200 822 1303 863 omnes

344 884 643 973 (praterlhoantem
664 901 774 960 regem,
794 903 884 959 aquo
902 883 1122 965 Hypstpylefilia
1139 904 1241 947 manus
1254 885 1303 946 ab·

344 966 495 1047 llinuerat)
505 965 707 1025 internecione
719 963 905 1037 sustulerant,
914 985 949 1025 eo
961 966 1041 1041 quod
1051 964 1095 1026 illi
1106 984 1209 1027 uxores
1223 985 1316 1052 aver·¹

343 1048 468 1120 sattius
488 1044 524 1107 ab
545 1049 587 1107 eis
609 1040 804 1119 discederent,
825 1045 933 1105 bellum
952 1046 1117 1109 Thracibus
1130 1044 1302 1121 intulerant,

345 1131 414 1207 quia
424 1127 575 1206 pelhmum
594 1126 693 1188 earum
713 1128 834 1189 odorem
848 1128 985 1188 aVenere
1001 1127 1140 1204 injedlum
1156 1129 1229 1189 ferre
1243 1148 1302 1189 non

369 1208 470 1271 ollem.
489 1206 624 1286 Myrtilus
644 1220 741 1269 tamen
756 1208 885 1270 secundo
901 1204 1107 1269 Lesbiaco'rum
1124 1207 1213 1269 aliter.
1230 1209 1304 1270 Scri.

343 1230 476 1356 bitenim
487 1333 496 1363 ,
508 1290 663 1363 Medeam,
681 1308 747 1349 cum
767 1292 852 1365 juxta
870 1289 1003 1351 Lemnon
1019 1291 1190 1368 Argonautae
1210 1290 1306 1351 aCol·

346 1370 435 1433 chide
461 1371 613 1431 redeuntes
639 1371 823 1447 navigarent,
855 1389 911 1447 prae
936 1370 1080 1449 zelotypia
1103 1390 1247 1432 venenum
1273 1374 1304 1433 in

148 1485 152 1509 r
275 1524 280 1535 ⁸
344 1453 480 1517 Lemnon
491 1449 606 1527 jecille,
624 1472 682 1530 quo
701 1451 829 1513 Lemniis
845 1452 960 1530 leminis
974 1452 1247 1531 gravillimusatque
1261 1455 1306 1513 in.

345 1532 513 1595 tolerandus
537 1532 576 1593 eli
592 1529 715 1610 injet‘tus
736 1533 818 1593 odor.
838 1536 1007 1609 Argonauta
1020 1534 1108 1608 igitur
1129 1534 1166 1594 ad
1182 1534 1306 1595 insulam

345 1612 456 1693 appullr
478 1614 580 1693 palsrm
600 1633 667 1675 cum
685 1613 802 1675 feminis
819 1614 968 1685 coierunt,
986 1613 1111 1691 benigne
1129 1616 1166 1676 ab
1185 1612 1242 1677 illis
1260 1633 1307 1676 ac·

346 1698 448 1774 cepti,
468 1709 501 1756 ut
519 1696 709 1770 Herodotus,
736 1692 926 1773 Apollonius,
951 1694 1108 1771 Orpheus,
1131 1694 1305 1759 &Valerius

345 1776 492 1839 scribunt:
521 1774 671 1855 AEschylus
698 1790 796 1837 tamen
822 1778 854 1837 in
881 1773 1058 1917 Hlpgpllm
1085 1778 1189 1856 casin
1220 1780 1306 1839 armis

346 1856 467 1937 cgrellas
485 1858 662 1935 Argonautas
683 1858 794 1920 accello
814 1855 949 1936 prohibui
973 1876 989 1917 e
1008 1856 1128 1932 scribit,
1146 1861 1244 1936 quoad
1263 1860 1306 1922 illi

346 1939 534 2019 jurejurando
555 1938 642 1998 fidem
663 1938 809 2011 fecerunt,
835 1939 863 1998 le
880 1956 947 2001 cum
968 1939 1009 1999 eis
1032 1940 1167 2001 coituros.
1191 1940 1306 2019 Sopho·

347 2020 408 2081 cles
426 2020 515 2081 etiam
537 2020 567 2078 in
583 2017 709 2081 Lemniis
725 2020 859 2098 proelium
880 2040 966 2099 grave
986 2020 1060 2081 inter
1078 2020 1163 2081 utros
1179 2041 1214 2083 ue
1227 2042 1308 2083 com.

346 2100 461 2165 millum
478 2094 597 2169 scribit?
616 2120 688 2178 quos
707 2100 818 2165 secutus
831 2102 946 2162 videtur
957 2100 1089 2181 Papinius
1106 2102 1137 2164 in
1151 2043 1307 2167 dhebaidi.

346 2182 393 2247 Ibi
413 2200 480 2243 cum
500 2183 683 2261 Argonauta,
702 2182 813 2244 deliciis
832 2186 859 2245 ἃ
881 2182 1025 2261 voluptati
1042 2195 1198 2259 vacantes,
1219 2206 1308 2248 morae

347 2264 528 2341 aliquantum
548 2263 714 2337 traxillent,
741 2264 777 2325 ab
793 2264 919 2327 Hercule
937 2263 1074 2341 increpiti
1089 2265 1125 2327 ad
1142 2267 1308 2329 Samothra·

347 2345 424 2407 ciam
439 2346 629 2422 navigarunt,
647 2342 696 2406 ubi
724 2346 854 2420 Cabiris,
877 2360 910 2407 ut
934 2347 1081 2421 diximus,
1102 2346 1168 2408 sunt
1191 2349 1307 2411 initiati.

345 2426 422 2490 Inde
436 2424 576 2503 profecli,
597 2444 664 2486 cum
676 2428 714 2487 ad
722 2428 842 2503 Trojam
860 2422 1050 2504 appulillent‚
1073 2426 1214 2491 Hercules
1235 2430 1308 2493 Lao·

346 2508 495 2570 medontis
514 2505 604 2567 liliam
624 2508 784 2585 Hcfionem,
809 2509 935 2570 monstro
965 2508 1133 2586 objectam,
1155 2507 1309 2583 liberavit,

345 2603 379 2651 ut
394 2587 559 2651 &Valerius
572 2587 753 2650 &Diodorus
771 2590 923 2653 affirmant
947 2586 1121 2669 Apollonius
1133 2594 1160 2653 ἃ
1173 2593 1310 2671 Orpheus

345 2668 458 2733 nullam
479 2671 541 2743 eius
561 2668 602 2729 rei
624 2671 806 2735 mentionem
829 2671 951 2735 faciunt.
978 2672 1051 2735 Inde
1074 2674 1243 2753 nauigantes
1270 2674 1309 2737 ad

290 2806 295 2835 ‚
347 2752 488 2833 Cyzicum
504 2746 706 2831 pervenerunt
791 2765 798 2770 ·

592 2963 595 2970 ,
625 2918 670 2977 De
692 2915 791 2999 Cyzico
810 2910 837 2975 d
858 2911 917 2999 ejus
936 2918 1039 2978 morte(

389 3072 458 3139 Erat
478 3084 575 3135 autem
592 3074 709 3159 Cyzicus
726 3097 741 3138 a
757 3073 899 3140 Thellalis
918 3075 1066 3138 oriundus.
1091 3071 1158 3137 Fuit
1179 3074 1258 3137 enim
1276 3094 1312 3137 ex

259 3160 264 3163 ’
349 3155 442 3221 AEneo
462 3155 647 3233 Apollinis&
668 3157 773 3232 Stilbes
793 3157 853 3219 filio
871 3170 974 3232 natus,
1002 3160 1050 3235 qui
1072 3156 1168 3217 relicta
1185 3156 1314 3219 Thella-

351 3236 412 3311 lia,
427 3238 477 3299 ubi
492 3239 587 3301 fuerat
608 3237 714 3314 ortus,
725 3242 754 3301 in
775 3237 995 3316 Hellespontum
1013 3238 1043 3299 se
1056 3238 1201 3313 contulit,
1222 3252 1313 3319 atque

353 3318 395 3379 ihi
413 3320 560 3397 regnavit,
582 3324 608 3382 ἃ
629 3321 756 3382 AEnerem
774 3318 875 3382 Eufori
892 3316 1024 3382 Thracia
1041 3322 1114 3399 regis
1129 3320 1221 3381 filiam
1237 3344 1313 3383 uxo·

351 3420 413 3462 rem
428 3402 526 3476 duxit,
549 3420 585 3463 ex
606 3422 661 3479 qua
676 3400 814 3480 Cyzicum
832 3405 951 3477 genuit,
969 3400 1017 3480 qui
1037 3401 1196 3464 Dolionum
1215 3404 1314 3463 tenuit

351 3484 508 3560 imperium
526 3486 556 3545 in
578 3483 686 3545 isthmo
707 3487 733 3543 dr
754 3480 951 3558 Chersoneso,
973 3485 1095 3562 quaexest
1110 3487 1141 3545 in
1155 3484 1313 3561 Proponti-

353 3564 412 3636 de,
431 3567 515 3640 juxta
532 3582 617 3640 quarn
636 3582 720 3623 mons
738 3563 778 3623 est
796 3566 892 3625 Artlos
907 3568 1043 3639 nomine,
1071 3586 1158 3643 quem
1183 3564 1312 3627 semiferi

353 3644 530 3707 &horrendi
544 3646 675 3721 gigantes
693 3662 730 3705 err
742 3656 814 3704 terra
833 3648 920 3723 geniti
930 3647 1118 3722 incolebant,
1134 3665 1208 3725 quos
1221 3649 1312 3709 etiam

351 3724 501 3793 Thellalos
518 3725 591 3787 dicit
609 3724 696 3788 soille
713 3725 881 3801 Deilochm.
911 3730 1081 3811 Apollonius
1096 3748 1164 3793 roro
1182 3730 1213 3791 in
1233 3730 1314 3793 ller-

777 3842 781 3872 l
1226 3878 1234 3885 .
