2750 4659
355 322 381 373 c
485 295 851 385 sscohhuurcn:
871 292 1203 371 EXPEDITIONIS

357 460 452 541 nysrus
476 457 607 523 Milesrus
628 456 746 534 scribit,
765 477 835 522 eum
849 460 1030 537 Argonautas
1053 456 1265 530 consecutum,
1286 466 1331 515 at-

357 563 413 619 que
432 541 531 620 Iphim
550 540 697 621 Eurysthei
719 541 836 614 fratrem
853 538 1038 613 interfecisse.
1064 539 1212 602 Diodorus
1232 537 1331 603 aule-

356 624 456 704 leegro
472 622 590 687 testatur
611 620 748 689 occisum.
766 622 899 688 Valerius
914 621 995 687 aliud
1007 621 1113 689 innuit.

711 788 757 847 De
768 790 867 850 ·AEetae
880 787 966 867 filiis.
1057 764 1060 771 Ι

356 1002 360 1009 .
398 949 443 1013 De
460 948 546 1024 liliis,
564 968 637 1027 quos
651 950 754 1021 ‚AEetas
770 951 890 1028 genuit,
908 970 969 1013 non
986 949 1064 1017 odeo
1081 949 1157 1012 inter
1173 947 1329 1028 scriptores

305 1078 308 1091 .
359 1032 664 1110 convenit,ideoque
687 1031 813 1094 breviter
833 1033 871 1096 de
897 1052 1074 1109 unoquoque
1102 1030 1268 1108 sigillatim,
1295 1044 1329 1091 ut
1364 1027 1365 1094 j

381 1113 458 1175 oscet
476 1114 569 1188 ordo,
582 1116 723 1175 dicemus.
737 1114 901 1187 Diodorus,
917 1128 951 1175 ut
964 1113 1112 1193 superius,
1124 1132 1246 1175 uxorem
1262 1112 1328 1173 scri·

355 1136 401 1259 ssir
421 1194 550 1255 habuisse
568 1198 689 1258 Hecaten
712 1196 798 1259 Persae
818 1196 927 1269 filiam,
944 1214 1033 1272 quam
1048 1195 1099 1259 alii
1119 1194 1202 1268 Jouis
1225 1194 1330 1256 dicunt

356 1276 424 1341 effe.
445 1276 589 1339 Hefiodur
606 1277 695 1339 Persae
712 1280 739 1341 tr
757 1278 891 1354 Asterie,
906 1277 1044 1356 Orpheus
1063 1276 1198 1349 Cereris,

439 1385 495 1446 Kal
512 1384 582 1447 τότε
601 1382 695 1461 alirs'
706 1384 824 1448 Ἑκάτην
842 1386 909 1449 And
919 1372 1003 1448 cirri
1019 1379 1224 1467 εὐπατέρειαν.

357 1500 361 1507 ·
379 1520 382 1525 .
440 1466 630 1549 AErhereasque
649 1470 725 1529 Ceres
740 1468 863 1528 Hecaten
876 1468 958 1547 emifit
974 1469 1003 1527 in
1018 1474 1108 1527 swas.

317 1564 321 1579 ’
356 1568 550 1653 Bacchylides
571 1574 658 1633 nocte
687 1572 817 1649 genitam
842 1570 998 1634 fabulatur.
1027 1570 1140 1633 ‘Erine
1161 1560 1327 1653 sesoplpoo

355 1656 463 1717 curris
479 1676 504 1733 μ
545 1653 713 1717 orortnn'oo
724 1655 874 1735 biyocrp.
896 1654 1076 1732 Pherecydes
1096 1652 1262 1715 exstillaeu
1277 1670 1328 1711 na·

327 1744 328 1747 ’
358 1748 432 1797 ram.
461 1736 515 1797 illu
530 1756 588 1811 aeus
609 1734 713 1814 Jorem
738 1736 778 1796 ait
797 1736 940 1797 Aristerim
958 1733 1172 1812 compressisse,
1193 1736 1221 1797 ἀ
1239 1752 1278 1793 err
1298 1730 1326 1792 se
1366 1779 1367 1804 f

356 1816 508 1895 gravidam
533 1816 633 1879 Perseo
655 1815 823 1895 tradidisse,
844 1838 908 1895 quae
932 1816 1030 1895 polleo
1048 1818 1173 1877 Hecaten
1194 1813 1328 1893 peperit:

304 1909 306 1913 '
357 1900 438 1961 unde
456 1900 565 1959 credita
582 1898 622 1960 eli
637 1896 730 1959 Persei
745 1897 811 1961 lilla
832 1918 869 1959 ex
886 1898 942 1962 hac
957 1898 1102 1961 Circen&
1118 1897 1258 1960 Medeam
1278 1914 1327 1957 na-

357 1991 402 2039 tas
412 1980 501 2041 lEetae
518 1978 614 2043 scribit
628 1977 784 2059 Dionysius
802 1979 941 2047 Milesruc.
958 1980 1104 2043 Diodorus
1118 1979 1210 2040 hlium
1224 1980 1327 2048 etiam,

356 2075 447 2137 quem
474 2060 523 2121 alii
544 2064 715 2144 Absyrtum,
742 2061 826 2140 ipse,
854 2075 943 2140 atque
969 2082 1006 2125 ex
1033 2061 1133 2122 nostris
1160 2055 1326 2131 Pacuvius,

357 2142 515 2225 AEgialeum
530 2156 626 2207 vocat.
651 2144 709 2206 Alii
730 2145 819 2206 etiam
838 2144 922 2208 multi
942 2144 1102 2224 Chalciopen
1126 2142 1262 2215 addunt,
1288 2140 1326 2201 de

356 2242 414 2301 qua
435 2224 543 2287 dietum
567 2225 614 2285 est.
636 2224 781 2287 Hesiodus
797 2225 873 2288 Solis
897 2226 988 2289 liliam
1004 2226 1151 2303 AEetaeque
1175 2222 1326 2295 sororem,
1367 2257 1368 2296 ;

356 2323 418 2367 non
437 2304 544 2384 liliam,
564 2306 647 2368 suille
666 2310 757 2371 Circen
776 2308 876 2369 scribit
889 2310 919 2367 in
933 2306 1115 2385 Theogonis.
1134 2304 1270 2381 Ejusdem
1287 2304 1327 2367 est

356 2385 530 2463 Apollonius
549 2388 717 2467 opinionis,
737 2391 786 2467 qui
807 2409 872 2451 eam
891 2391 921 2449 in
936 2391 1023 2449 tertio
1041 2389 1079 2451 ab
1095 2386 1230 2466 Apolline
1244 2400 1327 2464 patre

354 2481 490 2545 raptam,
514 2470 588 2531 &in
609 2470 725 2541 Italiam
746 2490 832 2531 curru
851 2472 974 2548 paterno
995 2475 1109 2532 vectam
1132 2470 1220 2530 canit
1238 2468 1277 2532 Et
1295 2469 1327 2527 in
1368 2517 1369 2552 3

356 2563 460 2627 quarto
473 2550 568 2612 Perses
587 2555 614 2614 dt
633 2552 711 2615 Solis
728 2550 818 2613 liliam
835 2566 932 2615 vocat.
956 2552 1094 2631 Orpheus
1108 2553 1197 2613 etiam
1213 2548 1328 2626 Apolli·
1368 2557 1369 2560 ’

353 2631 400 2693 nis
419 2635 452 2693 ‚dt
481 2633 631 2712 Asteropes
656 2634 747 2695 filiam
770 2635 864 2697 dicit·
877 2637 916 2697 de
943 2638 1007 2710 ejus
1033 2636 1157 2695 nomine
1180 2630 1328 2713 ltrprpoioo

231 2753 237 2765 .
354 2712 459 2777 messor
478 2727 614 2779 vocatum
633 2716 730 2777 scribit
745 2716 891 2783 Timauo:
912 2720 996 2793 cujus
1009 2718 1097 2777 etiam
1115 2713 1329 2777 sacitrrlentio·

354 2814 425 2856 nem
449 2796 628 2875 Apollonius.
656 2798 728 2875 quin
747 2803 775 2861 dr
792 2800 830 2860 de
845 2799 932 2861 AEerae
951 2799 1025 2877 regis
1042 2816 1133 2859 uxore
1153 2814 1329 2871 nonparva

352 2877 395 2937 est
414 2877 554 2939 dissensro.
579 2898 649 2941 nam
669 2898 738 2941 curn
760 2879 847 2941 multi
867 2882 1000 2943 Hecaten
1015 2878 1116 2940 dicant
1125 2904 1138 2952 ,·
1152 2875 1328 2954 Apollonius

355 2976 423 3019 eum
432 2958 595 3037 Asterodr'anr
605 2959 1327 3042 CaucaliamNynrphamduxisse,deindesdyiam

355 3038 467 3103 Oceani
496 3042 523 3107 δι
548 3040 681 3121 Tethyos
705 3042 804 3106 liliam.
830 3040 993 3123 Sophocles
1017 3044 1141 3101 Neaeram
1164 3039 1328 3103 Nereidum

354 3142 454 3184 unam.
471 3122 614 3187 Hesiodus
626 3124 657 3185 in
667 3119 841 3205 Theogonia
851 3126 968 3211 Idyiorn.
979 3122 1038 3202 Qui
1050 3121 1231 3204 ulaupactica
1242 3138 1327 3186 com·

354 3202 452 3283 posuit
465 3207 620 3289 Eurylyten
634 3211 687 3272 ait.
1105 3202 1109 3214 '
1205 3252 1208 3259 ·

663 3364 668 3373 ¹
749 3335 797 3394 De
814 3334 921 3396 Medea.
952 3281 957 3297 ο

394 3463 494 3521 Medea
511 3462 600 3529 lEetae
620 3478 657 3523 er
676 3479 852 3540 quacunque
865 3473 956 3539 matre
971 3462 1032 3544 filia
1049 3463 1123 3539 fuit,
1142 3480 1206 3540 quae
1222 3464 1252 3525 dr
1271 3476 1326 3525 vo*

354 3540 468 3609 neficiis
489 3546 515 3603 dr
537 3543 693 3606 herbarum
708 3545 878 3621 cognitione
897 3547 971 3607 adeo
988 3547 1137 3625 praellitit,
1153 3559 1186 3607 ut
1201 3565 1240 3606 ne
1255 3545 1323 3607 Cir·

352 3642 395 3685 cae
409 3625 528 3701 quidem
545 3626 649 3686 cedere
668 3622 914 3699 haberet,natura
932 3640 1033 3693 tamen
1049 3628 1224 3702 misericors,
1243 3630 1272 3687 ἃ
1285 3627 1324 3689 ab

354 3705 476 3773 immam
500 3706 590 3791 sitsis
616 3705 790 3795 cosdore
816 3708 997 3799 abhorrens,
1028 3711 1050 3777 li
1071 3710 1203 3792 Diodoro
1226 3710 1324 3775 credi·
