2750 4659
246 390 268 452 ,¹
357 358 513 413 txxxrv
631 287 1112 411 CllTALOGUS

356 499 390 561 in
406 519 464 577 quo
479 494 667 560 veriSmlllter
682 494 754 556 latet
768 493 889 573 aliquod
903 498 1050 576 egregium
1061 497 1324 578 matrisfamilias,

310 624 311 628 =
356 582 455 643 Codro
480 576 730 655 comparandum,
760 579 839 654 quod
865 578 994 655 praellitit
1013 582 1105 641 Alcon
1129 581 1227 656 patriae
1253 582 1322 644 sum.

339 674 435 743 „certe
451 658 590 723 Maserius
607 656 719 718 adval.
740 656 782 720 Fl.
797 658 825 719 d.
844 656 989 734 l-narrat,
1004 661 1113 721 Alcona
1124 658 1210 723 fuisse
1226 681 1321 739 quen·

355 744 426 803 dana
444 738 660 803 Atheniensium
682 738 803 812 ducem,
825 739 874 816 qui
899 739 948 800 sua
970 752 1062 802 rnorte
1083 737 1138 803 suis
1157 746 1247 803 vitant
1269 763 1321 803 re-

239 848 242 853 ·
353 823 454 885 stituit
476 822 555 899 quod
574 821 652 881 unde
668 818 813 889 hauserit,
833 840 893 882 non
910 821 1000 884 addit.
1018 822 1056 883 de
1070 822 1226 885 Erechthei
1244 823 1322 885 filia-

355 900 410 965 bus
427 915 507 965 certe
529 916 678 975 narratur,
703 899 768 961 illas
796 900 826 961 se
844 921 900 979 pro
917 904 1008 980 patria
1029 902 1222 966 immolandas
1243 925 1320 983 prae-

354 982 452 1046 bnilse.
475 983 543 1044 vide
561 973 724 1045 Ciceronl
747 980 834 1078 susc.
852 982 910 1057 48,
932 986 959 1044 dt
982 984 1026 1047 Ill
1048 986 1086 1047 de
1110 986 1210 1081 Natur.
1227 985 1314 1047 Deor.

353 1068 531 1223 tram
543 1064 841 1229 silllhllhl·
855 1064 1318 1224 hltfltllmharhr

353 1248 393 1305 pe
417 1228 465 1287 hic
487 1229 577 1287 Alcon
600 1226 778 1287 Atheniensis
798 1245 865 1287 cum
890 1228 1015 1289 Cretenh
1038 1227 1208 1307 sagittario,
1228 1248 1316 1305 quern

354 1312 468 1371 Servius
486 1308 522 1369 ad
543 1306 654 1385 Virgilii
675 1308 704 1367 d.
719 1306 738 1371 l.
756 1307 797 1368 ibi
819 1310 901 1368 innui
920 1322 1021 1386 putat:
1043 1328 1112 1371 nam
1134 1313 1162 1372 ἃ
1187 1311 1317 1372 nostrum

352 1388 438 1451 suilse
457 1388 525 1450 artis
541 1388 698 1465 sagittandi
716 1388 932 1465 peritiffimum,
951 1405 1074 1469 apparet
1090 1410 1126 1453 ex
1149 1390 1225 1469 illis,
1250 1410 1315 1471 quae

336 1470 480 1534 ¹salerius
499 1471 526 1531 ei
544 1469 693 1545 attribuit,
710 1472 738 1531 de
759 1468 896 1532 Manilius
910 1472 956 1545 V,
973 1492 1054 1558 304:

473 1585 645 1665 Quinetiam
662 1586 708 1645 ille
726 1604 804 1666 parer
819 1585 871 1645 tali
888 1588 920 1644 de
929 1587 1013 1664 fidere
1025 1604 1109 1646 cretus
1154 1622 1157 1627 -

309 1730 325 1745 ,
342 1658 347 1670 ’
473 1666 537 1748 Effe
553 1669 651 1749 potest,
669 1668 715 1747 qui
727 1669 867 1747 serpentem
876 1669 957 1749 super
976 1688 1023 1727 ora
1039 1667 1194 1743 cubantem,

348 1770 352 1775 ·
472 1747 594 1829 Infelix,
611 1750 668 1807 nati
679 1749 847 1828 somnumque
863 1749 1028 1829 animamque
1042 1751 1183 1827 bibentem,

473 1830 604 1909 Sustinuit
620 1828 692 1909 miffo
705 1847 791 1910 perere
809 1850 841 1889 oc
854 1830 1008 1910 prosternere
1026 1830 1096 1905 telo,
1113 1832 1169 1895 &c

351 1944 405 2005 uhi
422 1944 549 2023 Scaliger
568 1945 729 2017 videndus,
752 1943 802 2023 qui
818 1945 939 2005 adducit
958 1942 1052 2009 versus
1072 1944 1184 2007 Sidonii
1201 1944 1231 2005 in
1246 1964 1314 2016 ean.
1365 1935 1366 2010 l

351 2028 421 2087 dem
438 2045 518 2099 reru,
545 2028 583 2087 ad
603 2046 676 2103 quos
696 2026 763 2087 vide
785 2026 879 2089 carm.
896 2026 939 2101 V,
962 2045 1019 2107 154
1042 2026 1188 2088 Sirmondi
1215 2042 1311 2089 notas.
1365 2021 1366 2079 l

351 2127 440 2185 quare
458 2108 533 2169 forte
544 2107 671 2178 Valerius
681 2107 820 2169 Cretensis
836 2109 945 2169 fastum
957 2107 1121 2168 Atheniensi
1139 2108 1311 2171 attribuerit.

347 2190 513 2253 Eustathius
535 2190 682 2264 Alconem,
703 2189 827 2252 Pandori
854 2188 966 2263 filium,
990 2188 1142 2250 Erechthei
1173 2202 1313 2268 nepotem

348 2270 427 2333 facit.
447 2270 513 2331 uide
534 2270 639 2335 llleurl.
654 2271 690 2332 de
707 2271 808 2349 Regib.
828 2270 932 2333 Athen.
947 2269 996 2331 lib.
1013 2268 1058 2345 Il,
1079 2290 1144 2349 cap.
1164 2290 1208 2350 13.
1229 2272 1312 2333 rlliue

347 2355 439 2413 Alcon
450 2352 581 2429 lllyleus,
592 2354 695 2413 artifex
708 2353 856 2432 egregius,
869 2363 1044 2413 memoratus
1055 2352 1092 2413 ab
1108 2352 1216 2415 Ouidio
1235 2352 1313 2417 Xlll

347 2432 423 2495 lher.
443 2434 521 2513 6833
544 2433 615 2495 alius
636 2434 786 2511 Sicyonius
813 2434 884 2496 Stat.
908 2433 954 2497 lX
980 2431 1076 2495 Theb.
1104 2455 1180 2505 121,
1202 2434 1253 2494 ubi
1272 2437 1312 2497 de

347 2513 414 2575 aliis
435 2514 565 2577 Barthius
585 2514 736 2577 videndus.
759 2518 912 2577 &nomen
929 2514 1003 2576 illud
1018 2514 1106 2577 etiam
1129 2515 1310 2595 temporibua

345 2595 550 2675 posterioribus
566 2596 702 2657 usitatum
716 2595 799 2657 fuiffe
809 2643 819 2671 ,
830 2598 917 2659 docet
929 2598 1020 2657 Alcon
1034 2598 1211 2675 Saguntinus
1228 2598 1311 2675 apud

344 2676 408 2741 Liv.
434 2677 527 2753 XXI,
550 2699 604 2754 12,
625 2678 809 2757 &Chirurgo
836 2678 976 2757 imposuit
996 2678 1028 2739 id
1047 2679 1165 2739 cuidam
1186 2678 1311 2741 Martia-

343 2756 381 2819 lis
396 2757 459 2831 Xl,
474 2760 526 2840 85.
545 2760 696 2839 Quidquid
713 2761 746 2821 stt
764 2761 801 2821 dc
818 2761 923 2821 Alcone
940 2772 1035 2838 patre,
1056 2759 1131 2821 filius
1152 2762 1216 2834 ejus
1233 2762 1312 2821 Pm-

344 2840 413 2899 lerus
433 2842 560 2913 dicitur,
577 2844 605 2913 de
625 2842 786 2920 Gortynam
805 2840 909 2903 urbem
926 2840 1077 2904 Thessalia
1091 2839 1253 2901 condidisse
1271 2842 1308 2905 ab

309 2920 313 2926 ’
344 2919 466 2996 Orpheo
481 2920 550 2982 vers.
573 2940 645 3005 143,
668 2922 748 2999 quod
768 2943 785 2983 a
806 2924 923 2994 nemine
947 2935 1083 3000 praeterea
1101 2923 1177 2981 tradi
1196 2925 1308 2986 notavit

342 3000 588 3065 Eschenbachius.
611 3003 647 3063 ab
667 3022 703 3064 eo
720 3015 839 3081 portum
856 3004 1013 3064 Phalereum
1034 3003 1122 3063 etiam
1144 3000 1309 3065 Athenien·

342 3083 419 3145 sibus
435 3084 573 3145 llrustum
588 3104 697 3145 nornen
714 3084 871 3162 accepisse,
884 3084 973 3145 tradit
987 3082 1104 3144 Pausan.
1117 3081 1166 3143 lib.
1186 3084 1231 3161 ll,
1241 3105 1305 3164 cap.
1362 3103 1363 3114 ¹

343 3184 380 3236 ις
398 3178 533 3241 praeterea
548 3166 578 3225 in
594 3166 707 3228 ltaliam
722 3167 829 3227 deinde
843 3164 1061 3243 transgressum,
1078 3164 1179 3225 urbem
1197 3186 1235 3229 cx
1254 3167 1306 3229 suo

340 3247 461 3305 nomine
473 3248 632 3320 Phaleron,
652 3268 716 3325 quae
738 3248 845 3309 deinde
862 3248 1049 3327 Parthenope,
1070 3250 1099 3307 dr
1117 3246 1214 3324 postea
1229 3252 1307 3310 Neo·

338 3328 413 3471 {glis
431 3327 486 3388 fuit
506 3329 583 3389 diua
597 3374 605 3402 ,
618 3328 798 3401 condidisse,
818 3328 916 3389 Petrus
942 3327 982 3389 La
997 3329 1072 3389 Sena
1091 3328 1129 3389 de
1151 3328 1306 3407 Gymnasio

334 3427 519 3555 assiliit
538 3409 700 3567 illlis:
719 3406 1303 3570 lullllllilssllsplalrthls
1361 3496 1362 3574 ;

338 3570 536 3631 ollenrlerunt.
564 3571 604 3633 La
625 3574 700 3633 Sena
720 3574 826 3644 etiam,
851 3572 917 3649 quia
943 3575 1083 3651 Εὐμελίης
1108 3571 1244 3635 Phalerns
1263 3573 1301 3634 ab

339 3650 500 3729 Apollonio
515 3665 653 3727 vocatur,
672 3654 741 3715 inde
758 3654 913 3731 Neapolim
926 3655 1069 3715 Eumelida
1087 3654 1184 3715 vocari
1204 3674 1222 3714 a
1239 3656 1300 3715 Sta·

274 3732 280 3741 '
326 3733 381 3799 ¹tio
393 3733 444 3800 lib.
456 3730 496 3798 lV
507 3732 578 3799 Silv.
591 3734 677 3812 Vlll,
687 3758 728 3822 49
742 3735 843 3801 credit.
860 3737 891 3798 in
908 3736 1045 3816 quclcco
1057 3735 1233 3822 explicando
1249 3735 1304 3797 ad·
