2750 4659
329 294 384 350 cn
439 336 441 341 .
484 276 845 350 ARGONAUTICAE
866 276 1195 387 Exatnrnronrs

214 500 218 508 ,
328 434 450 498 fluvium
469 434 616 510 occisum3
635 434 743 499 Plinius
765 436 797 497 in
814 394 933 512 insulis,
954 453 1020 513 quae
1033 453 1072 497 ex
1093 436 1158 510 ejus
1174 433 1306 495 nomine

328 516 487 599 Absyrtides
503 530 721 597 nuncupantur.

555 685 601 745 De
622 681 756 787 amoribus
775 680 886 763 Jafhnis
906 682 935 745 sa
954 682 1063 747 Medea.

371 838 445 901 Cum
471 838 558 917 igitur
575 834 663 911 Jal'on
689 854 756 899 cum
778 838 880 899 ceteris
899 836 1076 917 Argonautis
1094 836 1134 897 ad
1157 832 1300 899 Colchos

332 919 505 999 appulisset,
532 916 670 983 Medeam
698 918 774 981 forte
792 920 832 980 ad
850 918 977 981 Pharan
999 920 1090 998 ripam
1107 917 1225 993 obviarn
1246 916 1306 977 ha·

332 1000 465 1083 buerunt
486 1001 539 1063 Cui
554 1020 623 1062 oum
639 998 727 1075 Jason
747 1000 887 1061 adventus
909 1000 950 1062 sui
975 1000 1089 1063 eausam
1105 997 1304 1076 exposuisset,
1360 1025 1361 1030 ¹

332 1094 420 1160 atque
434 1083 472 1143 ab
498 1102 532 1145 ea
551 1084 588 1143 de
605 1080 775 1145 crudelitate
792 1081 879 1159 patris
896 1079 966 1143 esset
983 1083 1119 1154 conaus,
1133 1080 1172 1140 ad
1194 1096 1305 1158 preces

332 1162 506 1240 conversus,
521 1162 613 1225 'fidem
632 1164 669 1242 de
695 1164 834 1242 conjugio
860 1162 962 1239 dedit,
986 1162 1006 1223 sr
1026 1163 1058 1223 in
1074 1160 1240 1223 discrimine
1259 1160 1300 1223 ab

332 1264 368 1307 ea
385 1244 599 1321 premonstrato
624 1244 673 1305 srbi
693 1244 781 1306 ferret
801 1264 899 1323 opem.
915 1246 1074 1323 Acceperat
1096 1254 1163 1305 ante
1178 1241 1269 1317 ¹lason
1283 1261 1303 1301 a

332 1326 443 1387 Venere
458 1328 569 1408 lyngem
585 1324 747 1400 aviculam,
772 1344 858 1402 quam
873 1325 967 1403 Maga
979 1324 1112 1387 mulieres
1130 1337 1244 1385 tantam
1261 1323 1303 1383 ad

334 1407 476 1467 amatoria
501 1407 627 1469 earmina
645 1406 704 1465 vim
725 1404 833 1467 hahere
849 1408 990 1481 credunt,
1015 1419 1048 1469 ut
1068 1404 1168 1467 omnia
1186 1421 1303 1465 venena

334 1490 524 1565 &unguenta
542 1489 579 1549 ad
602 1506 732 1549 amorem
747 1488 933 1549 excitandum
959 1488 1066 1549 idonea
1085 1490 1184 1568 Iynges
1199 1483 1302 1563 appel-

333 1568 447 1643 lentur,
474 1569 543 1630 telie
564 1566 713 1632 Theocriti
737 1569 857 1644 antiquo
882 1568 1064 1644 expositore,
1089 1572 1116 1630 tc
1137 1566 1197 1645 ipse
1217 1584 1303 1626 amor

334 1652 410 1727 lynx
432 1650 590 1712 arandam
612 1650 743 1724 arcator,
770 1650 819 1726 qur
846 1647 945 1709 sanun
971 1651 1002 1709 in
1017 1646 1144 1727 Pythia,
1159 1647 1237 1709 nanc
1258 1665 1298 1708 ex

336 1730 466 1809 Olympo
484 1752 500 1792 a
517 1732 628 1793 Venere
648 1731 776 1809 primum
793 1730 831 1791 ad
849 1729 984 1791 mortales
1001 1728 1137 1798 allatam,
1156 1729 1302 1791 &datam
1360 1729 1361 1808 l

334 1811 452 1889 Jasoni,
472 1827 505 1873 ut
527 1830 561 1873 ea
585 1810 688 1889 hmul,
707 1815 735 1874 tc
751 1810 923 1889 quibusdam
941 1811 1087 1877 amatoriis
1103 1810 1302 1882 carminibus,

336 1914 398 1972 quae
419 1892 479 1973 ipsa
494 1894 591 1955 Venus
611 1894 732 1967 docuit,
756 1892 895 1954 Medeam
919 1912 1019 1955 amore
1036 1893 1074 1953 ad
1092 1892 1232 1953 insaniam
1253 1888 1304 1951 us·

337 1994 394 2051 que
414 1975 596 2037 accenderet.
625 1974 713 2051 Quod
734 1992 801 2039 eum
817 1972 947 2049 fecillet,
966 1974 1015 2036 illa
1032 1993 1130 2036 amore
1149 1984 1303 2051 correpta,

337 2056 419 2117 suum
440 2054 466 2115 ei
485 2056 614 2131 promisit
631 2054 790 2129 auxilium,
805 2074 838 2115 ac
855 2055 951 2117 statim
970 2054 1074 2117 herbas
1092 2054 1254 2117 medicatas
1273 2056 1303 2115 dt

336 2135 493 2215 pharmaca
521 2138 652 2216 quadam
677 2137 779 2213 dedit,
803 2136 942 2215 quibusa
970 2149 1117 2200 taurorum
1138 2139 1209 2213 igne
1222 2150 1305 2197 tutus

338 2217 424 2292 esset,
436 2220 463 2281 dt
475 2215 560 2289 eum,
577 2220 650 2297 quid
659 2220 805 2297 agendum
815 2216 899 2293 esset,
913 2220 1022 2280 docuit.
1042 2217 1095 2279 llle
1105 2216 1218 2281 lEetam
1234 2237 1304 2279 con-

337 2300 434 2372 venit,
457 2319 492 2359 ac
512 2298 604 2361 vellus
624 2319 745 2361 aureum
770 2300 927 2377 poposcit:
952 2300 1032 2378 quod
1049 2299 1144 2362 lEetas
1167 2298 1196 2359 se
1214 2298 1306 2359 datu·
1360 2301 1361 2356 l

336 2399 402 2441 rum
419 2380 459 2441 est
478 2377 646 2456 pollicitus,
671 2380 691 2440 sr
712 2392 808 2442 tauros
828 2382 959 2458 ingentes
978 2382 1112 2444 flammas
1133 2397 1182 2440 ore
1205 2382 1233 2441 ἅ
1254 2400 1305 2440 na·

302 2496 306 2505 ·
338 2460 416 2521 tibus
440 2475 608 2522 evomentes
633 2462 792 2541 junxisset,
816 2476 901 2539 atque
929 2463 1050 2537 dentes,
1070 2480 1144 2538 quos
1168 2460 1230 2538 ipse
1248 2463 1305 2522 da·
1360 2507 1361 2536 ,

281 2582 284 2589 ·
337 2554 401 2617 ret,
426 2541 608 2616 seminaffet,
636 2542 827 2621 hominesque
844 2556 985 2616 armatos,
1008 2542 1058 2621 qui
1075 2544 1149 2604 ⁴inde
1173 2540 1305 2620 pullula·
1360 2561 1361 2586 ³

339 2637 423 2697 rent,
438 2623 557 2685 vicisset.
581 2625 651 2701 Quae
669 2627 769 2685 omnia
784 2624 893 2701 Jason,
910 2626 1017 2688 Medea
1037 2624 1214 2702 opitulante,
1235 2642 1306 2687 cum

337 2704 452 2767 summa
479 2704 529 2766 sua
552 2704 638 2768 laude
669 2710 697 2769 dt
723 2706 816 2784 gloria
844 2706 974 2785 perfecit.
1003 2706 1097 2770 lEetas
1123 2719 1220 2766 tamen
1239 2706 1306 2766 vel-

308 2800 311 2807 ’
338 2784 383 2849 lus
408 2804 527 2849 aureum
548 2789 688 2865 negavit,
711 2806 746 2849 ac
769 2790 806 2851 de
829 2790 1061 2868 Argonautarum
1081 2787 1162 2850 eaede
1182 2789 1305 2849 nature

270 2888 275 2895 ’
339 2884 386 2929 coe
408 2870 452 2934 it...

211 2942 213 2949 ¹
338 2974 349 2991 ”
386 2886 406 2947 p
662 2947 710 3013 De
719 2952 850 3034 serpentis
864 2950 995 3014 dentibus.

381 3110 470 3175 Erant
489 3122 588 3175 autem
606 3112 725 3189 dentes,
747 3133 820 3191 quos
839 3112 927 3189 Jason
946 3109 1116 3186 seminarit,
1137 3132 1197 3174 non
1211 3131 1250 3175 err
1269 3131 1306 3174 eo

342 3191 488 3271 serpente,
505 3196 556 3273 qui
571 3194 663 3255 vellus
686 3198 716 3256 in
736 3195 838 3257 arbore
853 3194 1021 3272 suspensum
1043 3192 1236 3269 custodiebat,
1255 3194 1306 3256 sed

332 3290 380 3335 ex
399 3294 455 3349 eo,
470 3296 556 3353 quem
575 3276 701 3338 Cadmus
712 3278 742 3337 in
755 3276 869 3339 Boeotia
889 3276 1078 3336 interemerat
1096 3276 1173 3337 Nam
1189 3288 1222 3337 ut
1234 3275 1306 3337 Phe-
1360 3265 1361 3332 l

342 3356 462 3434 reeydes
489 3358 521 3417 in
547 3358 622 3432 Vll,
650 3356 867 3436 &Apollonius
886 3359 917 3416 in
941 3356 985 3421 111
1008 3356 1154 3430 scribunt,
1172 3358 1306 3421 Minerva
1360 3337 1361 3418 l

343 3436 446 3498 dentes
464 3437 604 3516 serpentis
620 3436 713 3511 illius,
727 3435 951 3515 qoemCadmus
967 3437 998 3497 in
1011 3438 1116 3501 Martis
1131 3440 1213 3500 fonte
1227 3441 1305 3501 occi·
1360 3423 1361 3518 l

344 3518 407 3589 dit,
427 3520 540 3581 Cadmo
558 3520 686 3581 &lEeta
703 3520 793 3597 aequis
809 3519 992 3596 portionibus
1008 3520 1113 3583 divisit.
1133 3524 1161 3581 ἃ
1179 3522 1305 3582 Cadmus

343 3600 464 3675 quidem
479 3602 641 3672 continuo,
659 3596 731 3674 quos
743 3598 803 3676 ipse
820 3616 988 3678 acceperat,
1005 3602 1109 3664 Nlartis
1132 3600 1206 3677 jussu
1224 3600 1309 3663 semi·
1360 3671 1361 3674 Ἴ

344 3682 427 3745 navit
437 3726 446 3758 ,
456 3700 494 3745 ex
505 3679 608 3761 quibus
619 3680 716 3760 plures
732 3679 865 3745 homines
874 3687 977 3747 armati
988 3684 1132 3760 suntnati,
1145 3683 1194 3761 qui
1205 3700 1306 3749 omues
1360 3677 1361 3764 f

645 3807 666 3954 l
1067 3814 1073 3825 ’
