2750 4659
334 272 460 359 unm
557 280 1068 392 -ctTAtocus

273 507 275 517 ,
333 444 388 506 bus
412 463 480 505 vero
499 444 701 523 Argonauticis
730 452 913 504 memoratur.
943 462 960 502 a
981 441 1092 504 Valerio
1112 440 1217 504 Flacco
1238 440 1292 505 lto:

168 502 181 585 s
203 564 205 568 -
237 537 245 545 '
332 526 364 598 Ι,
385 546 463 606 407,
478 527 617 585 Ariorides
643 525 765 596 dicitur,
785 526 822 585 de
839 543 898 602 quo
914 525 983 585 vide
1005 522 1088 601 supra
1102 510 1132 583 i'n
1150 526 1296 599 Alloridq

166 620 170 627 ’
202 612 205 619 “
302 612 305 626 ⁴
333 605 477 669 &Scirol
494 608 609 667 Pindari
628 607 664 669 ad
682 606 727 667 IX
749 606 866 685 Olymp
890 625 954 679 104.
973 607 1059 668 root
1083 624 1152 666 vero
1172 604 1222 665 ille
1242 624 1295 669 rex

317 688 478 765 ¹Opoentis
493 686 569 762 fuit,
590 692 617 748 ἃ
633 686 759 747 diversus
778 688 814 747 ab
826 689 922 747 Amore
938 688 1120 763 Argonauta,
1142 706 1229 764 quem
1252 686 1297 747 su·

330 789 384 845 pra
410 767 610 829 recensuimus.
643 766 807 829 Eustathius
826 768 863 827 ad
882 768 1003 829 Homeri
1027 767 1109 832 Iliad.
1128 771 1158 829 ri.
1180 788 1236 849 337
1258 788 1296 829 ex

331 850 459 910 Hesiodo
471 850 580 923 tradit,
598 850 774 911 Menoetium
792 848 875 909 fuiffe
898 848 1015 910 fratrem
1036 849 1130 923 Pelei,
1155 852 1181 909 a
1200 848 1296 911 filium

274 962 278 967 ·
331 930 431 1004 AEaci,
457 930 529 992 alios
548 950 616 991 vero
641 930 737 992 facere
757 930 993 1009 Myrmidonem,
1015 929 1106 991 lilium
1132 929 1230 1004 Jovis,
1255 950 1311 991 ex*

331 1012 390 1088 qu‘o
413 1026 496 1073 uatus
518 1014 621 1084 attor,
645 1013 692 1089 qui
711 1012 797 1074 duxit
811 1010 960 1088 ffiginam,
979 1031 1042 1089 quae
1072 1014 1132 1088 jam
1161 1030 1197 1070 ex
1221 1012 1296 1085 Jove

331 1092 453 1155 Iliacum
471 1105 555 1155 antea
571 1093 745 1171 susceperat,
759 1091 820 1169 ipse
834 1112 901 1153 vero
917 1094 1014 1171 postea
1031 1113 1067 1152 ex
1081 1092 1130 1153 illa
1148 1091 1214 1151 tulit
1230 1092 1296 1153 Me·

330 1175 464 1234 nostium.
483 1176 678 1253 Myrmidonis
698 1176 784 1235 etiarn
804 1173 899 1240 ,filium
914 1178 1012 1235 Adora
1029 1174 1102 1235 dicit
1122 1172 1296 1239 scholiastes

281 1274 286 1286 ·
330 1254 426 1332 Apoll.
446 1255 502 1319 er.
528 1255 578 1317 lib.
604 1257 661 1329 IV,
679 1253 761 1333 816,‘;
780 1256 831 1316 ubi
849 1256 947 1331 addit,
965 1259 1029 1331 ejus
1047 1254 1137 1315 filiam
1155 1256 1295 1315 Philome'-

248 1351 250 1357 ·
322 1336 382 1395 'lom
399 1337 496 1397 datam
516 1336 598 1397 luille
611 1337 704 1398 Peleo.
719 1356 806 1413 quam
828 1351 926 1397 tamen
937 1338 1069 1415 Hyginus
1085 1336 1157 1396 facit
1171 1350 1294 1397 matrem

329 1415 472 1488 Patrocli,
490 1438 558 1495 ergo
572 1436 693 1479 uxorem
711 1417 857 1480 Menoetii.
873 1417 939 1477 vide
953 1420 990 1478 de
1004 1416 1051 1477 lris
1066 1417 1191 1495 amplius
1209 1437 1295 1495 agen-

280 1529 284 1545 ·
329 1512 390 1557 tem
404 1500 597 1559 dortiffimum
617 1500 815 1561 Mezeriacum
836 1498 872 1559 ad
891 1500 979 1560 Ovid.
998 1498 1085 1640 EpP.
1103 1499 1132 1572 l,
1146 1499 1216 1560 vers.
1237 1519 1294 1572 173

268 1644 271 1666 ἲ
331 1582 359 1639 dt
375 1580 552 1641 Munckerus
565 1600 681 1658 quoque
700 1582 737 1640 ad
747 1580 856 1659 Hygini
868 1598 931 1666 cap.
947 1579 1041 1643 XCVI
1062 1581 1221 1652 ,Stheneleia
1232 1581 1294 1640 Me-

268 1720 271 1727 ,
328 1662 412 1745 noctii
428 1676 546 1723 uxorem
563 1662 649 1723 fuille
662 1674 754 1725 notat.
771 1660 891 1728 richillis
910 1661 998 1721 etiarn
1018 1673 1140 1737 matrem
1159 1663 1294 1721 Philome·

329 1743 502 1815 hemioliis,
521 1744 644 1805 ostendit
664 1744 744 1805 idem
766 1743 944 1804 Mezeriacus
960 1742 997 1803 ad
1014 1743 1129 1804 initium
1151 1742 1237 1820 Epist.
1249 1742 1293 1804 ΙΙΙ

330 1824 440 1886 Ovidii.
465 1839 585 1901 potuere
600 1844 668 1886 vero
686 1823 813 1885 confusa
837 1824 921 1885 inille
937 1824 1001 1885 duae
1021 1824 1173 1896 mulieres,
1191 1825 1294 1883 Philo-

328 1905 396 1966 mela
416 1908 525 1971 sororis
542 1906 617 1979 filia,
637 1906 774 1968 Menoetii
798 1904 895 1976 soror,
911 1924 999 1983 quam
1024 1904 1106 1966 duxit
1125 1904 1244 1977 PeleuS,
1264 1908 1294 1966 dc

319 1986 465 2065 'Polymele
483 1986 557 2049 Pelei
575 1987 652 2062 filia,
671 2007 758 2065 quam
779 1988 863 2049 duxit
884 1988 1064 2057 Menoetius,
1082 1988 1165 2061 cujus
1183 1982 1301 2046 nomen*

327 2085 381 2141 pro
401 2070 547 2129 Philomela
572 2070 649 2147 apud
671 2070 821 2150 Hyginum
847 2068 917 2127 effet
937 2068 1162 2142 restituendum,
1183 2066 1205 2127 fi
1224 2086 1291 2127 vera

326 2146 408 2219 sunt,
432 2170 502 2226 quae:
518 2151 698 2222 doltjllrmus
721 2151 763 2211 vir
787 2161 908 2211 annotat
927 2151 963 2210 ad
982 2151 1071 2211 Ovid.
1089 2149 1117 2210 ll
1147 2168 1184 2209 ex
1206 2150 1289 2209 Pont.

328 2228 388 2301 IV,
411 2252 462 2305 223
481 2235 612 2309 quamvis
628 2232 706 2311 apud
720 2230 930 2310 Apollodorum
945 2231 997 2292 lib.
1016 2231 1077 2304 HI,
1093 2250 1157 2305 cap.
1179 2251 1233 2301 12,
1251 2248 1291 2291 ex

327 2316 508 2375 correctione
539 2313 642 2386 Galei,
661 2333 722 2374 non
748 2315 891 2389 reperiam
910 2313 1065 2391 Polymelm
1087 2310 1164 2372 Pelei
1181 2310 1291 2384 liliam,

324 2392 374 2455 sed
396 2395 576 2473 Polydorum,
597 2414 632 2454 ex
662 2414 719 2471 qua
736 2396 897 2470 Memphim
917 2407 1000 2453 natus
1022 2392 1087 2453 fuit.
1110 2393 1167 2455 Sed
1186 2393 1292 2460 Meze-

326 2474 419 2535 riacus
439 2474 618 2537 Eustathium
641 2477 713 2536 dicit
731 2475 873 2537 Achillem
892 2473 1099 2535 facerefilium
1124 2474 1291 2553 Polymeles,

218 2557 226 2590 ”
325 2549 435 2618 Alioris
451 2556 534 2629 filiae,
553 2576 617 2636 quas
638 2575 715 2618 certe
732 2557 768 2617 ab
785 2557 849 2618 aliis
869 2557 1020 2617 Philomela
1039 2571 1169 2616 vocatur.
1193 2552 1197 2560 '

389 2638 553 2701 MOPSUS.
578 2639 652 2701 nulli
680 2637 798 2700 omillus
819 2652 868 2702 aut
889 2639 1054 2717 ignoratum
1085 2635 1290 2698 celeberrimus

324 2710 467 2793 vates,‘ut
486 2740 552 2781 eum
572 2722 645 2783 inter
658 2722 769 2798 antiqui
784 2722 909 2781 nominis
925 2734 1003 2781 rates
1012 2718 1138 2781 celebrat
1152 2715 1290 2777 Clemens

322 2802 462 2866 alexand.
479 2800 529 2863 llb.
546 2803 558 2863 Ι
579 2806 684 2865 Strom.
704 2798 769 2879 pagss
791 2822 855 2884 333.
873 2804 1021 2883 Ampycis,
1038 2800 1084 2860 uel
1100 2813 1132 2859 ut
1157 2798 1206 2857 alii
1217 2802 1288 2857 Am·

110 2874 112 2882 ἱ
237 2890 238 2895 ’
319 2883 405 2961 pyri,
427 2886 454 2943 St
476 2884 606 2943 Chloridis
626 2884 771 2961 Nymphae
793 2885 886 2951 filius,
914 2881 1054 2959 Lapitha,
1074 2898 1109 2939 ex
1131 2877 1287 2953 OEchalia,

301 3005 304 3011 =
323 2974 357 3023 ut
377 2961 511 3040 quidam,
527 2962 573 3025 vel
586 2965 758 3037 TitarenHS,
770 2966 847 3032 ,telle
861 2964 996 3042 Hygino:
1011 2958 1184 3043 Τιταρήσιος
1198 2960 1305 3038 llpol-'

195 3044 198 3053 '
321 3042 382 3105 lon.
402 3044 452 3107 lib.
465 3042 493 3119 l,
506 3047 553 3127 65.
572 3048 691 3122 quidam
708 3047 797 3105 etiam
814 3046 980 3107 Titorooium
997 3041 1191 3124 (Lycophrorr
1217 3040 1289 3103 vers.

321 3124 378 3187 881
406 3126 619 3211 strophoso)
644 3142 765 3201 vocant,
792 3128 858 3205 quia
882 3138 962 3203 pater
986 3124 1107 3199 Ampyci
1129 3123 1185 3183 fuit
1203 3124 1287 3185 Tita-

322 3225 394 3279 ron‚
412 3208 459 3269 vel
482 3209 517 3269 ab
536 3210 645 3285 oppido
674 3208 825 3272 Thessaliae
843 3209 997 3277 Titarone‚
1022 3205 1103 3281 quod
1118 3205 1286 3268 aTitarelio

321 3286 441 3348 flumine
461 3290 611 3351 Theffaliae
631 3290 774 3351 diversum
797 3289 854 3350 elle
873 3289 961 3349 docet
978 3284 1158 3363 Stephanus,
1181 3290 1286 3348 &me-

322 3370 410 3439 minit
431 3374 493 3447 ejus
513 3370 658 3441 Homerus
675 3372 709 3432 ll.
733 3371 765 3431 B.
780 3390 859 3451 751,
878 3368 928 3427 ubi
946 3368 1036 3429 multa
1052 3369 1090 3429 de
1107 3389 1143 3429 eo
1163 3368 1284 3428 flumine

289 3522 290 3526 η
323 3452 446 3511 adducit
463 3452 639 3526 Eustathius‚
655 3454 707 3529 qui
726 3470 792 3511 eum
807 3470 843 3509 ex
854 3450 955 3513 Titaro
973 3462 1092 3524 monte,
1111 3450 1158 3527 qui
1171 3449 1282 3509 vicinus

322 3532 472 3611 Olympo,
487 3533 625 3603 effluere,
642 3532 808 3593 &Eurotan
824 3534 911 3592 etiarn
933 3532 1011 3606 dici,
1028 3544 1117 3591 notat.
1142 3531 1199 3591 Hic
1214 3548 1282 3590 vero

320 3614 434 3695 Mophis
452 3612 524 3690 saepe
541 3612 676 3674 confusus
691 3632 757 3672 cum
778 3611 870 3674 altero'
879 3614 994 3693 Mopso,
1012 3613 1126 3675 Tiresia
1137 3612 1223 3684 -lilio,
1235 3608 1282 3670 vel

320 3708 448 3773 nepote,
469 3697 522 3773 qui
536 3694 632 3757 etiam-
648 3710 729 3759 rates
749 3695 869 3773 Troiani
888 3694 959 3760 belli
975 3708 1109 3787 tempore
1130 3692 1193 3755 fuit.
1215 3693 1285 3755 vide
