2750 4659
210 272 771 403 Axcoxxorxaum
882 307 1040 390 rxrxr„
1100 265 1106 273 ’

50 438 124 523 lanu
142 405 242 506 hiereos
262 425 388 523 appellat
414 446 487 507 Stat.
509 443 534 505 V
555 441 651 506 Theb.
671 444 741 524 436.
773 437 881 519 reliqua
900 441 1049 508 merilli-¹·
1087 455 1090 466 '

57 545 97 584 ma
116 525 188 587 suut
218 525 268 591 sed
293 525 342 586 hic
358 545 476 604 quoque
492 525 564 584 ratio
584 537 749 601 temporum
771 523 930 584 admodum
951 539 1015 586 tur-

56 603 113 666 bata
134 607 182 669 est.
202 621 236 668 ut
257 608 334 668 enim
358 608 449 670 multa
474 621 659 683 preteream,
684 605 790 666 dicitur
808 606 924 679 Peleus,
942 625 1011 668 cum

55 687 162 748 fratrem
179 686 261 748 suum
278 689 413 760 Phocum,
430 687 503 748 inita
516 685 628 762 sceleris
644 686 781 748 societate
801 705 870 747 oum
892 685 1013 747 Telamo.
1106 720 1109 738 .

56 790 99 838 ne,
122 769 291 845 occidiffet,
321 767 480 848 aufugille,
503 771 534 829 ²&
552 767 682 829 lustratus
705 768 742 830 ab
769 767 877 847 Euryto
900 769 1012 833 Actoris

56 847 126 922 ilio,
146 867 233 927 quem
256 853 411 930 Eurytiona
437 865 523 910 vocat
542 849 754 927 Apollodorus,
772 847 860 930 (vide
879 847 961 927 supra
980 851 1012 911 in
1093 865 1094 875 ¹

54 930 209 1026 Eurytione)
227 935 311 1008 cujus
323 932 423 993 liliam
431 932 594 1009 Antigonen
613 931 713 1004 duxit,
729 933 756 991 δι
770 931 801 990 iu
816 933 930 992 tertiam
944 950 1013 1008 par·-
1116 980 1127 1000 ,
1193 913 1196 922 ¹

54 1021 106 1069 tem
120 1009 227 1088 regma
244 1012 460 1074 soceroascitus
478 1013 550 1073 fuit:
569 1011 772 1085 deinde,cum
789 1012 821 1071 in
832 1027 935 1074 venatu
949 1008 1012 1089 apri

55 1090 200 1169 Calydonii
222 1094 372 1156 occidiiiet
388 1093 559 1170 Eurytiona,
578 1092 682 1150 iterum
695 1091 723 1151 se
735 1089 852 1164 Jolcum
868 1093 1012 1169 contulit,

55 1173 86 1232 ad
105 1175 255 1249 Acastum,
278 1175 361 1237 Peliae
379 1173 494 1247 filium,
518 1192 535 1233 a
561 1191 618 1248 quo
643 1171 777 1235 lustratus
804 1173 911 1234 iterum
935 1175 1011 1248 fuit;

56 1254 133 1318 Ovid.
153 1255 199 1317 XI
220 1256 295 1318 olet.
310 1275 387 1336 409,
401 1253 429 1314 ΙΙ
455 1253 526 1318 Fau.
547 1272 591 1335 39.
619 1252 668 1314 sed
688 1271 756 1314 cum
776 1251 813 1314 ab
832 1253 1013 1332 Astydamiu,
1081 1269 1088 1278 “

55 1335 138 1397 Acasti
157 1356 266 1410 uxore,
286 1335 488 1396 sollicitaretur
508 1335 545 1394 ad
560 1333 749 1407 adulterium,
767 1352 823 1394 nec
842 1335 929 1396 vellet
946 1341 1013 1413 ejus

55 1415 165 1478 libidini
190 1437 302 1480 morem
329 1433 445 1494 gerere,
466 1414 503 1475 ab
524 1415 641 1489 Acasto,
661 1417 739 1492 apud
758 1434 846 1509 quem
869 1437 936 1479 eum
951 1422 1015 1490 cri-¹

55 1499 159 1559 minata
181 1511 241 1558 erat
255 1497 437 1575 AAydamia,
454 1495 559 1557 iterum
581 1495 715 1572 expulsus
739 1497 811 1570 furt,
830 1499 859 1558 dr
873 1498 941 1560 feris
963 1521 1013 1564 ex.

54 1580 170 1654 politus,
187 1579 236 1638 sed
255 1598 310 1657 ope
326 1577 406 1652 Jovit
422 1577 605 1639 conservatus
617 1574 894 1655 spoliavit-Acastum
910 1600 1011 1660 regno,

56 1662 77 1720 dr
94 1661 182 1720 duxit
197 1658 312 1721 Thetin.
337 1658 398 1720 haec
422 1658 522 1720 multis
542 1660 659 1737 prodita
673 1659 742 1720 vide
758 1660 838 1736 apud
856 1657 954 1724 Tzetz.
971 1669 1011 1726 ad

53 1738 178 1819 lycoph.
202 1741 274 1819 176,
296 1739 395 1802 Schol.
421 1740 803 1822 Aristothubib21059,
829 1740 944 1803 Pindar.
965 1743 1014 1811 ΙΙΙ

54 1821 130 1883 Nem.
156 1841 191 1902 55
212 1825 239 1882 dr
260 1821 320 1893 88,
335 1819 468 1899 Apollon.
490 1821 522 1896 1,
543 1844 618 1898 224,
641 1823 668 1882 &
688 1819 768 1884 ulios.
790 1821 857 1882 vide
880 1823 1011 1904 &supra

44 1902 80 1963 'in
95 1905 195 1984 Acasto
217 1906 245 1964 de
268 1905 429 1983 Eurytione.
457 1923 520 1980 quae
538 1903 558 1964 fi
578 1921 643 1963 vera
661 1902 743 1974 sunt,
767 1920 834 1964 cum
853 1905 1011 1974 maximum
1031 1913 1032 1922 ’

54 2000 157 2060 partem
181 1984 245 2062 post
267 1981 344 2044 hanc
368 1984 586 2060 expeditionem
606 1984 738 2044 accidere
767 1984 934 2062 debuerint,
960 1995 1010 2066 qui

53 2083 112 2142 ergo
130 2065 168 2125 ab
188 2063 344 2142 Apollonio
369 2065 529 2127 &Valerio
546 2065 616 2143 fingi
632 2063 725 2143 potest
737 2067 796 2140 jam
812 2077 942 2144 tempore
957 2070 1010 2134 hu.

55 2145 94 2219 jus
117 2147 311 2224 expeditionis
337 2157 420 2208 natus
444 2145 588 2220 Achilles,
610 2150 639 2207 ἃ
658 2147 735 2224 apud
761 2145 934 2222 Chironem,
958 2157 1010 2230 qui

55 2245 116 2290 avus
130 2232 194 2304 eju'x
215 2226 453 2298 maternusiuit,
471 2226 631 2289 educatust
652 2229 701 2304 qui
718 2225 739 2288 fi
759 2245 795 2288 er
812 2227 940 2292 Thetide
958 2254 1010 2296 na·

57 2319 114 2382 tus,
130 2321 210 2369 certe
225 2309 361 2381 Acastus,
377 2309 427 2386 qui
444 2308 474 2370 in
488 2311 581 2387 primo
595 2329 656 2370 aevo
674 2309 711 2370 ad
726 2307 830 2383 Jasona
844 2311 949 2374 venille
966 2315 1011 2376 di.

56 2390 137 2463 citur,
152 2411 213 2452 non
230 2392 326 2468 potuit
343 2393 404 2465 jam
417 2409 541 2453 uxorem
558 2390 704 2466 habuille,
725 2409 780 2451 nec
798 2371 881 2452 Pelea
898 2393 1011 2460 lustras·

56 2468 155 2532 leonte
172 2486 274 2549 narum
286 2471 438 2535 Achillem.
461 2490 561 2535 movet
582 2477 610 2535 ἃ
628 2473 708 2553 hunc
720 2471 882 2549 scrupulum
897 2475 961 2540 Pius
972 2478 1011 2542 ad

56 2550 139 2614 Valet.
154 2554 186 2628 l,
205 2556 284 2636 256,
311 2553 361 2615 sed
381 2573 441 2614 non
461 2555 554 2617 solvit.
574 2573 662 2632 quare
689 2554 854 2616 statuendus
875 2555 923 2618 hic
944 2579 1012 2624 ana.

57 2630 242 2708 chronismus,
264 2636 356 2712 poetic
378 2636 538 2697 admodum
556 2635 726 2696 familiaris:
754 2636 824 2696 licet
847 2656 902 2713 ego
924 2639 1011 2706 facile

57 2716 181 2791 credam,
200 2716 381 2777 connubium
397 2717 473 2776 Pelei
488 2716 569 2778 foille
586 2717 725 2793 posterius
740 2713 794 2776 hac
808 2718 1010 2801 expeditione,

56 2793 100 2856 fed
118 2814 217 2874 poetas
235 2799 367 2860 ornando
383 2813 573 2875 argumento,
593 2799 653 2872 jam
668 2795 812 2860 Achillem
832 2803 952 2876 puerum
969 2805 1013 2864 in·

59 2877 173 2954 duxille,
188 2881 239 2958 qui
254 2879 385 2941 indolem
402 2879 482 2940 suam
493 2892 538 2940 tot
553 2878 698 2941 Heroibus
714 2879 892 2944 ostenderet:
914 2887 1012 2948 Peleus

58 2960 129 3019 enim
146 2962 260 3035 juvenis
282 2961 383 3024 debuit
401 2959 513 3023 affuille
530 2962 718 3040 Argonautis,
735 2965 802 3040 quia
814 2966 876 3037 ejus
892 2979 1009 3040 patruus

56 3036 229 3117 Menoetius,
246 3044 297 3120 qui
314 3063 408 3119 neque
424 3045 559 3120 proveeta
579 3055 662 3104 aetate
677 3043 758 3118 fuit,
774 3058 807 3106 ut
824 3042 940 3122 plurimi
962 3051 1011 3110 Ar.

57 3137 196 3198 gonoutoe,
208 3124 311 3186 itidem
324 3126 486 3186 commilito
502 3125 579 3200 fuit,
590 3145 684 3203 neque
697 3127 806 3198 etiam,
826 3128 844 3187 sr
866 3125 922 3188 hoc
938 3143 1011 3193 rem.

57 3219 121 3276 pore
142 3208 202 3280 jam
228 3226 299 3282 puer
315 3206 439 3268 Achilles
457 3207 562 3282 fuerit,
590 3211 618 3269 ἃ
640 3209 677 3269 ad
697 3206 824 3282 Troiana
846 3209 922 3270 bella
942 3229 1012 3288 pro-

57 3288 166 3346 traxerit
184 3304 298 3362 aevum‚
318 3309 378 3349 non
395 3288 496 3350 habuit
509 3292 571 3365 ejus
585 3299 695 3363 mater,
713 3307 768 3350 nec
786 3289 864 3366 ipse,
880 3295 958 3369 quod
975 3295 1012 3358 de

57 3360 189 3429 brevitate
200 3369 266 3430 vitat
282 3386 476 3446 quererentur.
494 3371 542 3433 sed
558 3369 640 3449 plura
656 3371 838 3434 incredibilia
856 3375 883 3432 in
900 3376 1011 3438 Achille

58 3463 215 3513 occurrunt.
232 3450 424 3528 Apollodorus
435 3451 487 3514 lib.
501 3452 562 3527 ΙΙΙ,
577 3471 640 3530 cap.
653 3447 734 3526 XII,
750 3453 806 3530 §8,
820 3455 906 3527 dicit,
916 3458 1013 3518 Achil.
1082 3486 1095 3503 x

58 3523 111 3587 lem
134 3549 212 3594 enno
236 3551 316 3592 nono
341 3535 430 3596 aetatis
446 3535 530 3595 fuille
547 3555 564 3596 a
583 3550 672 3596 matre
694 3533 723 3593 in
745 3534 836 3597 insula
858 3539 946 3616 Scyro
963 3559 1014 3600 oc·

59 3608 215 3685 cultarum,
234 3615 363 3691 &paulo
383 3616 445 3694 post
463 3618 586 3678 indeed
607 3616 769 3691 Troianum
788 3617 896 3679 bellum
915 3635 1012 3682 extra.

59 3691 140 3754 dum
157 3694 225 3767 vide,
243 3693 340 3758 Barth.
363 3699 402 3760 ad
419 3697 520 3763 Stati
548 3695 642 3762 Achil.
664 3718 697 3772 1,
718 3701 746 3762 ἃ
773 3719 837 3782 503.
854 3699 1013 3781 Neoptole-⁴

126 3779 351 3860 Vndllaccus.
564 3798 585 3887 J
645 3781 666 3820 Ι
788 3779 813 3871 ί
