2750 4659
186 362 865 461 AuGoNA-,UTICONL.V111‚
940 320 1067 472 205,
1157 441 1160 453 ,

55 516 189 614 Coniugii
200 521 313 621 Minyas
328 551 466 621 nunquam
479 524 565 620 magis
578 524 682 597 eminet
693 526 784 601 intere

57 626 317 726 Qualitsanguineo
330 622 420 702 vislor
433 630 569 705 Gradivus
580 634 615 703 ab
630 635 727 707 Hebro
745 691 750 696 -
770 630 776 639 ’
795 671 796 674 “
923 625 928 631 ’

56 735 167 819 Idalium
182 738 255 809 sunto
272 738 361 821 subit,
373 762 419 811 aut
433 737 534 811 dilesla
550 742 696 837 Cytheta;
858 818 866 830 ,

55 848 322 941 seucumeoelesles
339 849 444 923 Alcida
461 848 699 925 inviseremensar
756 862 782 885 “
944 887 1013 953 eto
1070 879 1077 887 ‘

56 956 109 1029 lem
122 983 220 1042 vacat,
236 960 266 1031 ἃ
280 959 374 1031 sellum
390 961 510 1032 lunonia
524 948 636 1033 sussitiet
648 966 737 1035 hehe.

57 1069 161 1139 Adsunt
172 1069 314 1140 unanimes
328 1075 422 1141 Venus
434 1126 444 1153 ‚
457 1071 641 1167 hortatorque
654 1072 771 1169 Cupido
795 1092 799 1102 '

57 1177 173 1249 Suscitat
185 1180 293 1251 affixam
308 1179 409 1251 muellis
425 1177 534 1251 AEetida
545 1181 628 1251 tutis.

14 1378 17 1384 ¹
56 1289 112 1381 lpsa
125 1289 184 1359 suas
197 1289 237 1359 illi
254 1316 359 1360 croceo
374 1287 529 1361 subtemine
541 1289 629 1359 velles

55 1396 165 1495 loduit:
182 1396 238 1493 ipsa
254 1398 326 1469 suam
339 1395 481 1493 duplicem
494 1398 635 1493 Cytherea
650 1423 786 1494 cnr-onam
947 1431 1016 1503 ης

14 1510 15 1515 ’
56 1502 173 1589 Donat,
188 1502 218 1574 sse
232 1503 336 1574 arsuras
350 1503 402 1609 alia
417 1531 479 1575 cum
493 1503 603 1601 virgine
617 1530 747 1600 gemmas.

56 1614 127 1683 Tum
144 1640 234 1683 novur
246 1610 375 1709 implevit
388 1612 478 1683 vultur
493 1613 602 1683 honor:
618 1641 649 1683 ac
661 1612 707 1683 sua
720 1610 797 1692 slavis

57 1723 175 1795 Reddita
189 1748 252 1794 tutu
267 1722 373 1795 tomis':
388 1723 567 1818 graditurque
582 1720 670 1819 oblita
683 1722 831 1795 malorum.
861 1779 865 1785 ,

56 1831 101 1901 Sic
118 1831 166 1901 nbi
179 1832 358 1928 Mygdonios
372 1830 495 1926 planslus
508 1828 583 1901 sacer
595 1828 682 1901 abluit
697 1830 782 1899 hluto
793 1883 819 1914 ‚x

55 1941 187 2035 Laetaque
200 1940 254 2043 jam
269 1940 543 2037 Cybele‚sehaaque
558 1966 609 2039 per
621 1938 727 2038 oppida
740 1927 873 2022 taedaes
949 1965 1020 2031 eto
1128 1926 1138 1943 i

57 2046 133 2141 Quis
146 2048 234 2119 modo
249 2060 303 2119 tam
317 2050 405 2119 saevos
419 2048 509 2145 adytis
522 2046 630 2121 flu'xiffe
644 2074 759 2121 eruorer

55 2156 199 2253 Cogitet?
215 2179 262 2225 aut
274 2144 323 2253 ipsi
337 2158 384 2253 qui
398 2158 453 2255 jam
466 2156 617 2231 meminere
628 2151 764 2229 ministris

54 2266 150 2347 Inde,
163 2264 359 2339 ubi‘sacrihcas
372 2268 571 2365 cumconjuge
585 2265 663 2339 venit
678 2266 714 2337 ad
725 2292 784 2337 atat
834 2297 837 2308 ¹

57 2371 230 2459 AEsonides,
242 2402 354 2471 unaque
368 2376 491 2465 adeunt,
504 2377 663 2475 pariterque
676 2378 794 2475 precati.
893 2429 897 2436 ·

58 2482 221 2579 Incipiunt,
234 2483 327 2580 ignem
341 2484 443 2556 Pollux
457 2486 616 2581 undamque
631 2487 754 2581 jugalem
955 2504 1022 2582 ²⁴5
1149 2526 1167 2561 u

60 2592 186 2665 Praetulit
196 2624 205 2676 ;
217 2617 246 2665 ut
260 2594 386 2676 dextrum
400 2594 502 2692 pariter
513 2617 655 2667 vertantur
668 2595 700 2665 in·
711 2596 820 2665 orbem.

63 2708 119 2777 Sed
136 2732 229 2802 neque
241 2706 268 2778 se
279 2703 401 2803 pingues
413 2730 471 2777 tunt
485 2704 601 2777 candida
615 2703 723 2776 llamma
736 2733 787 2802 per
798 2730 876 2777 aurae
997 2780 1002 2785 ,

64 2816 225 2915 Explicuit:
242 2841 294 2885 nec
307 2839 366 2885 tura
380 2814 458 2891 videt
472 2814 619 2887 concordia
631 2816 771 2913 Mopsus,

65 2925 228 2999 Promissam
243 2950 294 2994 nec
308 2924 375 2995 slare
390 2924 472 2995 sudem
484 2956 494 3006 ·,
507 2926 714 3021 brevetempus
727 2947 879 3009 amorum·
894 2919 898 2931 ’

35 3061 40 3070 ’
59 3036 138 3127 ,Odit
151 3060 299 3131 utrumque
311 3033 409 3116 simul,
421 3034 498 3111 simul
512 3034 542 3107 st
554 3034 696 3110 miseratur
708 3059 874 3132 utrumque:
957 3060 1028 3130 apo

31 3148 102 3217 'Et
114 3142 165 3216 tibi
179 3146 233 3241 jam
247 3144 341 3216 nullos
356 3144 625 3241 optavit‚hatbata,
642 3168 732 3216 nator.
802 3133 810 3143 ⁹
1029 3134 1033 3139 ’

66 3260 143 3329 Mox
158 3254 254 3353 epulas
270 3254 300 3325 dr
314 3256 387 3328 satra
401 3279 517 3353 patant:
531 3255 662 3327 filvestria
675 3257 747 3337 laetit
792 3314 795 3319 .

67 3368 184 3441 Praemia
196 3422 205 3451 ‚
217 3388 320 3438 venatu
330 3367 404 3438 sacili
417 3367 539 3463 quaesta,
553 3365 715 3464 supersunt:
850 3368 854 3380 '

68 3480 133 3546 Pars
148 3472 289 3555 verubus,
303 3502 365 3570 pars
377 3475 492 3546 undanti
507 3474 650 3570 despumat
661 3474 766 3547 aheno.

70 3583 232 3665 Gramineis
246 3583 284 3654 ast
296 3583 360 3689 inde
375 3586 446 3657 totit
457 3584 650 3666 discumbitur,
667 3585 749 3658 olim'
838 3602 842 3608 '
963 3614 1068 3685 ¹555·
1132 3609 1136 3613 “

70 3694 163 3769 llisser
176 3693 361 3769 anhelantem
371 3702 480 3786 Peueen
493 3722 551 3795 quo
566 3697 698 3795 presserat
710 3720 804 3772 antro.
